3444 5358
894 335 930 356 «-
956 302 1013 364 158
1034 335 1071 350 -

446 439 463 474 «
483 420 613 481 Nostris
635 421 723 479 bisce
739 419 931 498 temporibus
945 421 1009 481 alia
1022 419 1141 498 prodiit
1155 423 1242 479 secta
1254 419 1600 491 Neo-protestantium,

271 539 273 547 2
344 505 347 510 ’
372 537 388 572 »
414 518 468 592 qui
490 535 523 576 se
543 518 675 578 Veteres
687 518 866 578 Gatholicos
888 518 1061 596 appellant,
1078 518 1192 595 quique
1214 537 1232 578 a
1253 517 1394 594 neganda
1406 517 1600 577 auctoritate

295 693 298 698 Δ
371 635 388 670 s
411 613 544 674 Concilii
575 616 700 675 Oecum.
730 615 878 676 Vaticani
909 617 1016 675 exorsi
1037 635 1073 676 ac
1109 614 1341 675 infallibilitate
1363 615 1497 675 Romani
1518 615 1602 674 Pon-

371 731 388 765 »
410 711 508 772 tiliois
530 733 569 772 ex
591 715 741 773 cathedra
755 713 933 773 definientis
948 717 980 773 et
994 716 1222 789 consequenter
1243 711 1476 771 infallibilitate
1490 712 1602 772 Eccle-

372 831 389 865 »
412 811 490 881 siae,
504 810 536 868 in
558 810 690 870 liberum
710 829 840 871 examen
862 811 982 888 delapsi
1004 815 1079 870 sunt
1091 830 1127 871 ac
1142 828 1197 887 per
1210 809 1317 870 varias
1332 809 1451 868 errorIs
1468 809 1599 869 semitas

370 928 387 963 »
412 907 528 967 incerti
551 913 718 986 vagantur.
743 931 760 965 »

476 1261 940 1359 COLLECTIONES
972 1259 1146 1359 IURIS
1178 1259 1489 1400 CANONIOI

491 1556 707 1633 Primipoaius
726 1558 809 1617 laria
830 1557 1097 1618 Canonicianus
1116 1556 1154 1616 ab
1175 1554 1302 1615 mardic
1323 1553 1477 1614 Ecclesiae

779 1673 874 1731 usqua
894 1655 936 1716 ud
956 1672 1077 1716 aarum
1100 1653 1188 1714 000.

431 1850 456 1908 Ι.
480 1847 642 1910 Ecclesiae
665 1850 846 1926 primordiis
868 1851 977 1910 fideles
998 1851 1036 1908 ab
1057 1848 1233 1926 Apostolis,
1255 1851 1288 1908 et
1308 1846 1494 1923 apostolicis
1518 1845 1598 1905 viris

372 1946 472 2006 veluti
504 1966 597 2008 mauu
625 1949 826 2025 regebantur3
849 1965 919 2006 cum
950 1948 1032 2006 enim
1054 1947 1194 2009 saeviret
1223 1946 1414 2022 persecutio,
1441 1964 1477 2004 ac
1500 1949 1600 2004 tater-

371 2045 468 2104 rimae
490 2046 528 2104 ab
551 2046 796 2122 Imperatoribus
812 2046 914 2106 clades
930 2045 1123 2104 Christianis
1139 2043 1275 2120 undique
1290 2043 1518 2120 impenderent,
1536 2061 1597 2100 non

371 2146 436 2204 tam
457 2143 550 2202 facile
572 2143 719 2220 Episcopi
748 2147 895 2220 poterant
916 2144 949 2202 in
971 2161 1067 2202 unum
1089 2143 1278 2220 congregari
1306 2143 1347 2202 ad
1371 2159 1504 2200 canonas
1526 2157 1597 2198 con-

371 2241 498 2313 dendos,
520 2245 552 2300 et
574 2241 809 2300 controversias
832 2240 1033 2300 definiendas.
1056 2243 1123 2302 Hoc
1143 2245 1250 2302 autem
1271 2259 1333 2299 non
1355 2239 1401 2300 ita
1414 2257 1483 2298 esse
1504 2238 1598 2298 intel-

370 2337 543 2414 ligendum,
565 2339 693 2414 perinde
714 2357 750 2396 ac
772 2339 800 2397 si
822 2357 988 2414 numquam
1011 2357 1065 2416 per
1086 2340 1165 2399 illud
1179 2339 1330 2415 temporis
1346 2338 1397 2402 uel
1412 2341 1596 2398 controver-

274 2429 277 2433 ’
371 2437 436 2495 siae
458 2441 545 2496 ortae
566 2435 688 2496 fuerint
709 2436 741 2494 in
771 2437 928 2510 Ecclesia,
951 2437 1002 2496 vel
1032 2437 1159 2496 illarum
1190 2455 1298 2509 causa,
1321 2455 1391 2498 cum
1421 2438 1596 2512 opportuna

371 2535 501 2594 daretur
533 2536 670 2607 occasio,
693 2535 725 2594 in
758 2553 853 2596 unum
884 2532 1032 2612 Episcopi
1064 2535 1281 2608 convenerint,
1304 2537 1431 2594 constat
1460 2551 1500 2592 ex
1522 2535 1594 2597 Act.

372 2633 607 2709 Apostolorum,
630 2634 662 2692 iu
683 2633 796 2708 quibus
818 2637 968 2692 narratur
989 2650 1095 2692 eorum
1117 2636 1221 2692 aetate
1242 2632 1383 2694 Concilia
1403 2631 1515 2693 haberi
1529 2650 1596 2690 coe-

372 2731 468 2806 pisse,
491 2735 585 2805 atque
617 2730 702 2806 ipsos
734 2749 794 2789 non
826 2731 922 2790 semel
943 2731 975 2790 in
997 2749 1093 2790 unum
1115 2734 1324 2808 congregatos
1347 2731 1383 2790 de
1404 2729 1498 2789 rebus
1524 2729 1595 2790 fidei

371 2847 550 2890 acinorum
572 2828 774 2888 diiudicasse.
796 2829 870 2890 Alia
889 2847 1011 2905 quoque
1033 2829 1259 2892 Conciliaacta
1281 2833 1356 2888 sunt
1370 2846 1426 2905 per
1440 2827 1595 2888 triahaec

372 2930 509 3002 saecula,
535 2930 588 2988 sed
619 2927 829 3005 particularia
851 2929 944 2988 unius
966 2929 1133 2990 dumtaxat
1153 2927 1344 3006 provinciae,
1365 2927 1417 2986 vel
1447 2925 1595 2986 nationis.

371 3028 510 3086 (lenones
532 3027 603 3088 inde
624 3027 657 3086 in
679 3045 774 3086 unum
796 3027 922 3088 collecti
944 3028 1085 3103 prodiere
1108 3027 1165 3086 sub
1187 3026 1310 3088 nomine
1336 3041 1493 3084 canonum
1516 3025 1597 3100 Apo·

372 3125 525 3186 stolorum
548 3143 611 3186 una
630 3143 701 3184 cum
723 3128 794 3184 octo
821 3124 912 3184 libris
941 3125 1223 3197 constitutionum,
1246 3141 1325 3200 quae
1349 3122 1471 3200 pariter
1492 3121 1596 3182 dietae

372 3226 446 3280 suut
465 3223 665 3300 Apostolioae
688 3223 745 3282 sub
767 3223 864 3282 titulo
884 3223 1055 3282 Clementis
1066 3223 1200 3284 Romani
1231 3221 1409 3282 Pontificis.
1431 3219 1597 3296 Antiquis·
1640 3295 1642 3300 ,

353 3301 451 3378 'sima
480 3320 556 3381 haec
587 3321 734 3382 collectio
763 3325 826 3392 est,
849 3321 939 3379 cuius
970 3321 1087 3380 mentio
1115 3321 1153 3380 lit
1181 3321 1214 3380 iu
1239 3318 1466 3380 ecclesiasticis
1488 3335 1596 3376 monu-

372 3417 498 3489 mentis,
520 3438 557 3480 ea
577 3423 680 3480 tamen
701 3419 801 3478 multo
821 3421 893 3494 post
913 3419 1044 3478 tertium
1058 3420 1217 3480 Ecclesiae
1232 3418 1393 3478 saeculum
1406 3417 1597 3495 concinnata
1706 3456 1707 3459 η

373 3530 441 3572 esse
463 3516 598 3576 videtur.
620 3517 661 3576 Et
681 3533 794 3576 revera
813 3517 882 3574 eius
903 3516 991 3576 nulla
1012 3517 1049 3576 fit
1070 3517 1187 3576 mentio
1215 3516 1298 3592 apud
1319 3515 1404 3586 illos,
1427 3513 1482 3590 qui
1507 3514 1595 3572 hisce

372 3612 477 3672 tribus
498 3615 659 3690 prioribus
681 3614 816 3678 saeculis
838 3631 888 3674 res
903 3615 1063 3674 Ecclesiae
1078 3615 1209 3692 scriptis
1223 3613 1442 3685 illustrarunt,
1458 3616 1491 3671 et
1505 3629 1597 3688 quae-

373 3714 442 3774 dam
464 3715 496 3774 in
517 3734 559 3806 ea?
574 3720 799 3786 memorantur,
821 3734 900 3791 quae
921 3716 1020 3776 multo
1043 3722 1114 3793 post
1142 3721 1276 3778 aetatem
1303 3716 1542 3793 Apostolorum,
1565 3717 1596 3772 et

374 3814 405 3872 S.
429 3815 597 3875 Clementis
620 3820 743 3877 statuta
763 3819 847 3874 sunt.
859 3817 977 3877 Verum
998 3817 1124 3878 minime
1139 3817 1357 3894 ambigendum
1371 3835 1440 3878 esse
1455 3819 1597 3890 videtur,

374 3911 431 3970 hos
453 3930 600 3985 canones,
622 3915 699 3974 licet
723 3914 885 3992 Apostolis
911 3915 993 3974 falso
1021 3916 1173 3988 tributos,
1196 3915 1338 3976 conditos
1366 3922 1470 3977 tamen
1496 3917 1596 3977 fuisse

373 4013 582 4074 acatholicis
601 4014 764 4092 Episcopis
786 4014 819 4071 in
846 4015 980 4092 Synodis
1009 4016 1042 4074 in
1062 4016 1190 4076 Oriente
1218 4015 1399 4088 celebratiS,
1421 4021 1454 4075 et
1478 4016 1595 4076 dictam

372 4111 588 4172 collectionem
606 4113 723 4188 partim
744 4115 890 4172 constare
910 4131 949 4171 en
964 4113 1052 4172 hisce
1067 4113 1250 4185 canonibus,
1266 4114 1384 4189 partim
1405 4132 1444 4173 ex
1466 4132 1597 4174 consue-

375 4210 551 4282 tudinibus,
574 4229 653 4285 quae
674 4227 730 4287 per
749 4211 926 4270 earumdem
949 4212 1113 4289 regionum
1135 4211 1295 4271 Ecclesias
1316 4213 1531 4286 invaluerant,
1560 4216 1596 4272 ut

373 4325 413 4374 ex
434 4311 502 4368 toto
523 4309 663 4384 ipsorum
694 4325 846 4367 cononum
878 4327 1009 4385 corpore
1037 4310 1208 4370 evincitur.
1232 4313 1275 4373 Ut
1304 4329 1380 4370 vero
1408 4312 1482 4372 huic
1504 4313 1597 4372 colle-

376 4407 474 4486 ctioni
498 4407 722 4466 auctoritatem
747 4413 965 4482 compararent
979 4407 1034 4483 qui
1049 4427 1117 4468 eam
1130 4409 1347 4483 confecerunt,
1364 4411 1505 4471 Coronas
1515 4413 1596 4490 Apo·

380 4506 531 4564 stolorum
551 4506 764 4582 appellarunt,
785 4523 912 4581 eamque
933 4505 994 4564 sub
1012 4506 1108 4566 titulo
1128 4507 1159 4567 S.
1179 4508 1348 4568 Clementis
1367 4509 1544 4570 ediderunt.
