3404 5360
422 411 557 472 Ioannes
584 409 681 472 Picus
709 407 854 469 Mrmuo.
877 406 957 486 (nat.
989 405 1178 482 01163.)
1208 423 1236 466 0.
1269 402 1371 484 1494.)
1404 401 1505 466 Dedit
1532 400 1596 463 Ea·

356 508 542 586 positionem
561 507 595 566 in
617 507 648 566 1.
673 505 776 581 Caput
798 503 920 564 Genua
938 507 972 565 et
991 503 1029 564 de
1049 519 1139 580 opere
1159 520 1214 562 sea
1239 501 1363 563 dierum
1389 499 1598 562 conclusiones

362 611 550 681 responsas,
571 619 650 679 quas
671 601 876 678 disputandas
898 601 1024 679 publice
1045 600 1221 678 proposuit
1238 601 1433 678 Apotoptam
1454 597 1599 658 adversus

364 721 412 764 cos
431 703 486 780 qui
505 701 624 776 aliquot
637 700 700 760 eius
712 700 915 760 conclusiones
922 699 1108 775 carpebant·
1127 699 1170 758 Do
1185 695 1253 758 ente
1269 703 1299 757 et
1315 713 1378 756 uno
1397 696 1599 763 Tractatum

364 801 502 877 Repulas
515 797 580 858 VII.
597 798 665 856 sive
679 801 845 874 praecepta
854 797 898 856 ad
912 797 1109 856 Christianae
1124 797 1206 856 vilae
1220 795 1452 880 institutionem
1467 799 1499 852 et
1511 789 1601 869 spiri-

364 899 591 974 tualispuynao
601 895 812 972 armaquibus
821 895 948 956 adiutus
958 896 1061 965 homo,
1070 891 1225 952 mundum
1238 899 1268 952 et
1277 893 1470 952 tentationes
1480 890 1601 948 vincere
1678 903 1679 910 ¹

361 1003 463 1076 potest
481 1027 502 1042 ·
524 995 642 1054 Corum.
658 995 692 1052 in
705 994 790 1054 Psal.
807 994 878 1052 XV.
903 1011 920 1048 e
939 994 1099 1052 conserva
1116 1009 1164 1050 me
1178 991 1335 1052 Domine»
1351 991 1434 1050 Item
1455 987 1598 1046 Tractat.

365 1096 402 1156 de
416 1093 532 1152 Christi
551 1109 648 1168 rayno
664 1097 692 1151 et
705 1092 844 1151 uanitate
858 1092 949 1150 huius
960 1090 1085 1160 munuli·
1100 1090 1218 1166 Eupos.
1234 1090 1268 1148 in
1281 1089 1368 1148 Orat.
1383 1086 1600 1155 Dominicam3

365 1192 581 1268 Epistularum
600 1189 668 1248 Lib.
693 1191 724 1248 1.
748 1189 785 1247 In
806 1189 983 1264 apologiam
1012 1186 1260 1263 disputationum
1288 1186 1356 1244 Lib.
1382 1186 1439 1244 12.
1462 1183 1505 1242 In
1530 1182 1602 1240 Pla·

366 1289 445 1347 tonis
463 1288 636 1347 convivium
656 1287 723 1346 Lib.
739 1289 774 1358 3,·
787 1287 935 1360 Elegiam
956 1287 990 1344 in
1009 1285 1207 1346 Florentiam
1220 1285 1255 1342 in
1268 1283 1393 1344 laudem
1406 1279 1601 1357 Hieronymi

365 1387 526 1446 Benioeni.
548 1386 651 1460 Opera
672 1383 838 1458 utriusque
862 1383 927 1442 Pici
947 1382 1113 1462 (avunculi
1133 1387 1167 1442 ct
1188 1378 1325 1459 nepotis)
1341 1380 1492 1458 prodiere
1514 1376 1604 1438 Basi-
1681 1368 1682 1444 )

366 1483 432 1544 leae
453 1485 489 1543 Τ.
511 1481 540 1542 2.
564 1482 597 1540 in
618 1480 675 1540 iol.
698 1499 778 1540 anno
802 1480 893 1553 1573,
917 1479 1009 1542 1601.

425 1583 632 1642 Hieronesos
652 1580 858 1640 Savounnmn
879 1577 916 1658 (³5
939 1575 1030 1648 1498)
1055 1578 1234 1655 Suspensus
1256 1577 1289 1636 in
1310 1577 1456 1653 patibulo
1477 1593 1538 1653 per
1558 1573 1605 1631 iu·
1682 1584 1683 1620 l

368 1678 477 1737 dicem.
511 1677 648 1754 Scripsit
670 1676 894 1754 compendium
915 1672 1057 1748 Etlicae,
1080 1679 1113 1734 ct
1132 1675 1250 1735 multos
1271 1675 1437 1736 Sermones
1465 1689 1602 1750 quorum

367 1776 466 1852 aliqui
487 1776 519 1834 in
549 1775 683 1836 indicem
714 1776 868 1835 librorum
900 1774 1132 1851 prohibitorum
1164 1773 1258 1832 relati
1292 1777 1368 1832 sunt
1390 1791 1463 1832 cum
1495 1770 1603 1832 addito

368 1894 385 1928 u
406 1874 502 1934 donec
523 1875 766 1951 corrigantur».
789 1873 926 1951 Scripsit
955 1873 1052 1932 etiam
1073 1889 1150 1950 opus
1179 1871 1231 1930 cui
1260 1872 1376 1932 titulus
1402 1871 1598 1948 Triumphus

370 1971 488 2043 Crucis,
510 1973 577 2034 Lib.
598 1972 636 2032 de
655 1975 851 2050 simplicitate
864 1973 1047 2045 christinam
1066 1972 1235 2031 Commeat.
1255 1971 1290 2029 iu
1311 1979 1392 2031 orat.
1406 1970 1602 2030 dominicam

369 2076 397 2128 et
417 2071 450 2127 in
472 2071 593 2144 aliquot
612 2071 762 2131 Psalmos.

428 2167 576 2228 Auernus
597 2185 635 2230 ne
656 2169 809 2232 Cunvnsio
830 2171 907 2230 Ono.
932 2169 1011 2230 Mus.
1034 2166 1080 2248 (fl.
1105 2188 1124 2229 a
1146 2166 1246 2244 1480).
1270 2168 1409 2246 Scripsit
1428 2168 1600 2228 Summam

368 2283 495 2324 casuum
516 2267 715 2326 conscientiae
737 2267 833 2344 vulgo
855 2268 971 2330 dictam
991 2269 1187 2344 Ampelicam3
1208 2267 1391 2328 Tractatum
1413 2266 1450 2327 sle
1472 2266 1602 2326 restitu-

369 2363 502 2422 tionibus
520 2369 552 2423 et
573 2364 670 2424 alium
691 2366 743 2424 cui
764 2365 880 2425 titulus
901 2368 986 2427 Arca
1008 2366 1113 2427 Fidei.

429 2463 604 2525 Mnnsrmus
624 2465 755 2526 Tramas
775 2463 854 2543 (nat.
878 2465 963 2524 1133.
985 2467 1004 2540 †
1028 2462 1118 2542 1499)
1140 2465 1248 2526 Vertit
1269 2463 1302 2524 in
1333 2463 1468 2524 latinum
1491 2463 1602 2524 Plato-

370 2578 451 2632 nem,
464 2561 638 2632 Plotinum,
654 2563 878 2638 Porphyrium,
891 2562 1050 2634 Proclum,
1063 2562 1241 2632 Alcinoum,
1253 2561 1431 2638 synesium,
1441 2562 1599 2628 Psallam,

370 2657 615 2720 carminaauma
628 2659 840 2736 Pythagorae,
854 2660 1077 2736 Athenagorae
1092 2677 1168 2736 opus
1184 2660 1220 2718 de
1235 2661 1468 2720 resurrectione
1484 2658 1598 2722 caruis
1687 2713 1688 2740 ,

370 2759 403 2814 et
423 2754 568 2832 Dionysii
588 2758 798 2835 Areopagitae
818 2776 922 2835 opera.
944 2758 1082 2834 Scripsit
1102 2775 1177 2818 vero
1198 2758 1236 2818 de
1255 2759 1426 2820 christiana
1446 2759 1602 2835 religione

370 2859 399 2912 et
413 2853 532 2930 pietate
551 2856 618 2916 Lib.
640 2887 656 2904 -
678 2857 841 2918 Sermones
859 2874 913 2918 sen
934 2889 951 2902 -
974 2856 1012 2917 oie
1024 2858 1084 2916 Deo
1105 2887 1126 2902 ··
1148 2857 1327 2918 Orationem
1343 2858 1600 2918 Christianorum

371 2951 414 3011 ad
432 2951 560 3016 Simiam
579 2952 636 3014 IV.
650 2987 667 3002 -
679 2954 716 3014 de
727 2954 901 3028 Claritate,
914 2955 952 3016 cle
971 2956 1210 3016 immortalitute
1223 2957 1402 3016 animorum
1415 2973 1453 3015 ac
1466 2963 1600 3016 aeterna

370 3051 520 3126 felicitate
539 3053 590 3111 lib.
614 3053 668 3112 18.
695 3052 876 3129 Tlteolcpiae
896 3054 1090 3114 Platonicae.
1106 3085 1124 3100 -
1140 3054 1248 3118 (lomm
1273 3055 1307 3114 in
1320 3054 1424 3130 Epist.
1447 3055 1481 3118 S.
1502 3050 1603 3114 Pauli

373 3152 408 3208 et
427 3149 502 3212 alia.

946 3261 1027 3280 Q

849 3347 1031 3410 macuto
1052 3347 1127 3409 xvi
1240 3424 1244 3432 ¹

414 3609 416 3616 ,
431 3543 570 3604 loannes
590 3541 753 3622 Tannum.
767 3539 867 3620 1500).
881 3541 959 3619 EJ'us
973 3557 1067 3620 opera
1083 3545 1159 3602 sunt
1172 3542 1566 3604 Mallium-lacrumarum
1579 3573 1600 3589 -

376 3639 573 3702 miletenae
590 3640 665 3720 fidei
685 3639 822 3716 defensio
843 3639 949 3700 aoloer.
972 3640 1206 3702 Baltltassarem
1230 3639 1494 3700 Pacimontanum
1516 3671 1533 3686 -
1556 3643 1601 3700 De

368 3731 521 3814 potestate
533 3737 657 3798 Summi
669 3738 832 3816 Pontifiois
845 3744 955 3798 contra
969 3739 1143 3798 bulherum
1157 3739 1208 3798 lib.
1227 3740 1259 3798 1.
1276 3769 1293 3782 -
1306 3736 1460 3798 Homilias
1477 3738 1597 3798 varias.

434 3834 603 3899 Annianus
622 3837 755 3898 Kmnru
775 3834 824 3915 (fl.
846 3854 875 3895 a.
895 3834 986 3915 1590)
1006 3837 1090 3913 Opus
1111 3838 1180 3914 ejus
1196 3835 1396 3896 notissimum
1419 3836 1601 3896 001110100-
1621 3839 1624 3846 '

370 3932 451 4010 polis
471 3949 525 3992 seu
546 3933 677 3992 historia
704 3933 904 3994 ecclesiastica
923 3925 1083 3994 senoniae
1104 3935 1156 3994 lib.
1177 3933 1244 3992 XII
1261 3934 1484 4010 comprehensa
1505 3938 1600 4009 atque

375 4031 461 4090 edita
474 4028 596 4090 Franci
600 4076 606 4088 .
624 4049 696 4090 ann.
715 4031 805 4104 1575,
822 4029 910 4106 1590,
935 4031 1022 4094 1627.
1046 4032 1185 4108 Scripsit
1199 4031 1295 4092 etiam
1309 4031 1484 4091 Historiam
1497 4031 1601 4092 Samo·

375 4129 479 4190 nicam
500 4115 533 4186 in
554 4129 633 4188 XIII
654 4127 752 4186 libros
773 4129 909 4190 divisam
930 4161 947 4176 ·
967 4131 1129 4190 historiam
1149 4128 1368 4191 Wandalicam
1382 4130 1415 4188 in
1437 4129 1494 4188 lib.
1509 4131 1598 4203 XIV,

284 4283 290 4298 ,
378 4227 551 4286 Chronicon
572 4225 706 4286 aliarum
728 4227 869 4302 gentium
890 4229 1186 4305 'septentrionalium
1209 4229 1335 4291 scilicet
1355 4217 1523 4306 regnorum
1536 4231 1600 4290 Da

246 4341 249 4347 ’
314 4383 319 4394 ,
374 4327 457 4396 niae,
478 4324 617 4398 Sueciae,
631 4323 816 4400 Norweyiae
836 4325 897 4406 (ed.
920 4326 1049 4388 Franci.
1071 4345 1122 4386 an.
1147 4325 1238 4406 1575)
1259 4329 1395 4388 Tandem
1416 4326 1446 4388 01
1467 4328 1599 4388 debetur
1664 4321 1668 4330 '

378 4422 460 4482 Ordo
471 4423 584 4486 Missae
603 4422 879 4483 secundumritum
893 4424 1053 4488 Ecclesiae
1073 4425 1322 4503 Hamburgensis
1343 4427 1376 4486 in
1399 4426 1501 4486 lucem
1516 4426 1590 4488 edit.

377 4519 522 4584 Roslhok
544 4540 594 4581 an.
619 4519 728 4583 1505:
