3404 5360
444 434 615 498 nausson
635 453 654 494 a
675 434 706 493 S.
729 434 892 494 Posrlsro
912 433 990 496 Oen.
1012 425 1209 516 PP.(1eeo).
1240 435 1382 514 Reliquit
1407 437 1448 496 in
1470 441 1605 512 quatuor

383 534 474 593 libros
491 533 645 608 Mopietri
662 531 886 592 sententiarum
909 531 1181 593 Commentario-
1199 535 1328 595 Librum
1349 535 1385 596 de
1409 535 1544 612 oripine
1566 533 1608 592 iu-

380 633 606 694 riedictionum
635 633 714 692 Item
743 628 874 708 scripsit
895 630 1024 692 Sintula
1047 631 1169 712 Synocli
1194 631 1388 747 dioecesanae
1416 633 1610 698 Arriciensis

377 731 1402 792 anni1320.·
1681 798 1682 820 ¹

358 813 360 818 ¹
435 825 919 892 superseminantem
942 825 1058 908 (1320).
1081 827 1119 889 Ei
1140 829 1251 892 debent
1238 829 1292 892 tur
1312 830 1587 894 Commentario
1575 848 1608 890 in
1681 829 1682 836 ³

358 929 469 991 ‚noros
498 932 634 1004 quatuor
663 927 813 1002 Mapntri
834 925 1069 986 Sententiarum
1091 957 1108 974 -
1134 925 1316 992 Quodlibeta
1334 961 1355 978 -
1374 929 1611 990 Formalitates

377 1024 574 1102 -deprimo
604 1017 760 1106 'principio
782 1057 798 1072 -
819 1023 857 1084 olo
886 1017 1073 1102 eaposi'tione
1101 1025 1278 1088 diuinorum
1306 1028 1478 1090 nominum
1512 1043 1551 1088 ae
1572 1023 1608 1084 de

375 1121 588 1182 univocatione
609 1155 626 1169 -
648 1120 784 1201 Scripsit
813 1126 987 1206 praeterea
1006 1122 1280 1200 Quadrapesimale
1309 1132 1337 1184 et
1366 1125 1544 1188 Sermonae
1574 1123 1610 1182 oie

375 1221 488 1281 sanctu
507 1253 525 1266 -
547 1220 586 1280 cle¹
610 1227 799 1298 paupertate
829 1221 944 1280 Christi
972 1228 1001 1282 et
1029 1222 1284 1300 Apostolorum'-
1307 1223 1351 1284 De
1379 1222 1563 1284 virtutihus
1581 1225 1610 1280 et

376 1321 458 1380 vitiet
476 1319 658 1396 capitalibus
679 1351 696 1366 ··
718 1317 755 1402 de
777 1317 918 1378 articulis
935 1319 1012 1398 fidei
1029 1351 1050 1369 ·-
1070 1319 1107 1380 ele
1141 1320 1299 1400 baptismo·
1312 1353 1329 1366 ·
1349 1321 1387 1381 cle
1416 1306 1608 1381 hnmilitate

361 1439 362 1443 ¹
380 1416 454 1477 -de
473 1416 714 1492 indulpentiie·
737 1415 775 1478 dc
793 1421 917 1494 corpore
941 1417 1093 1477 Christi·
1103 1417 1151 1479 oie
1176 1420 1343 1495 Anpelis·
1365 1419 1418 1480 ole
1433 1415 1608 1497 unffi-aptis

377 1513 634 1606 defunctorum-
656 1514 693 1576 de
717 1514 946 1592 poenitentia·
929 1513 1033 1576 ··'de
1021 1518 1174 1578 ieiunio·
1195 1517 1231 1579 ele
1250 1518 1359 1582 ultime
1378 1517 1548 1636 indicip-
1570 1513 1607 1574 de

372 1618 487 1690 septem
508 1599 595 1672 donis
614 1611 751 1690 Spiritus
769 1611 887 1674 Sancti.

432 1711 599 1772 Hrnvsrus
619 1711 814 1772 NsrnmsO.
837 1711 873 1769 Ρ.
895 1709 1011 1792 (1320).
1042 1703 1174 1773 Praeter
1201 1731 1296 1791 opera
1321 1687 1555 1792 philesophica
1576 1710 1604 1770 ei

374 1808 485 1868 debent
471 1811 526 1868 tur
558 1807 821 1869 Commentario
808 1827 842 1866 m
864 1816 1000 1885 quotuor
1021 1811 1112 1871 libros
1139 1813 1402 1872 sententiarum·
1428 1812 1605 1871 Tractatus

373 1905 411 1966 de
431 1913 581 1982 potestate
603 1907 752 1984 Papae·
775 1905 956 1972 Quodlibeta
969 1909 1094 1968 maiora
1108 1911 1254 1986 quatuor,
1277 1908 1460 1974 Quodlibeta
1471 1910 1605 1970 minora

371 2006 485 2082 ripinti
504 2011 640 2082 paamor
660 2007 901 2082 -Desensorium
921 2013 1031 2066 contra
1050 2009 1271 2086 impupnantes
1282 2011 1401 2084 [ratres
1418 2007 1599 2070 Praedica-

373 2111 451 2165 tores
471 2104 553 2180 quod
571 2121 635 2164 non
655 2106 765 2163 cicant
785 2104 951 2165 secundum
971 2107 1169 2184 apostolicam
1188 2109 1297 2167 eitam.

431 2203 587 2264 Pstscms
600 2203 747 2264 Atvsnas
757 2201 873 2283 (1320).
890 2204 1026 2282 Scripsit
1040 2205 1121 2282 Opus
1134 2205 1171 2266 cle
1181 2207 1314 2283 planctu
1328 2205 1506 2268 ecclesiae·
1516 2204 1597 2282 Apo·

372 2289 489 2376 l'opiam
509 2306 619 2360 contra
643 2300 840 2360 Gallieimum
872 2301 1043 2362 Oetam.-
1063 2303 1228 2380 Speculum
1256 2305 1422 2380 Repum-
1443 2303 1488 2363 ln
1506 2303 1600 2362 libros

372 2399 521 2473 Mapistri
540 2398 786 2459 Sententiarum

434 2499 620 2560 Britannicus
642 2499 798 2565 GarnoO.
821 2498 883 2558 ΡΡ.
896 2497 1022 2579 ..(1320)
1045 2499 1151 2560 Edidit
1137 2501 1349 2562 tClsronicon
1373 2502 1596 2562 Romanorum

375 2597 570 2674 Pontificum,
582 2597 805 2674 imperatorum
819 2605 968 2674 etrepum
981 2600 1166 2674 francorum
1178 2617 1274 2676 usque
1287 2599 1330 2660 ad
1343 2616 1464 2662 annum
1481 2599 1593 2662 1330:

372 2693 537 2770 Speculum
550 2693 734 2756 Sanctorale
754 2714 806 2755 scu
827 2695 1013 2756 Sanctorum
1033 2698 1263 2774 chronolopiam
1284 2699 1509 2776 Episccporum
1540 2696 1569 2756 T
1566 2713 1596 2753 0-

372 2793 547 2852 losanorum
568 2801 597 2853 et
616 2795 886 2864 Lemovicensium‚
910 2786 980 2854 cum
1007 2797 1149 2873 catalopo
1179 2798 1401 2875 Episcoporum
1432 2798 1596 2858 Lodoven·

370 2892 459 2950 siam.
473 2923 493 2938 —
506 2895 539 2952 et
552 2891 608 2952 lib.
625 2893 662 2953 olc
682 2893 869 2970 fundatione
884 2900 913 2954 et
922 2911 1089 2970 propressu
1106 2896 1279 2956 Conventus
1291 2895 1508 2956 Semoaicensis
1520 2891 1591 2955 EF.

372 2987 643 3052 Praedicatorum.
666 3025 686 3038 -
710 2993 819 3064 Vitam*
834 2993 866 3053 S.
889 2995 1085 3055 Eulctranni
1104 2995 1164 3073 Ep.
1185 2994 1378 3056 Lodooensis.
1420 3036 1422 3041 ·

423 3092 564 3158 ¹latrastis
586 3093 731 3156 Biconcs
751 3090 866 3173 (1329).
889 3093 1026 3172 Scripsit
1048 3094 1168 3154 Comm.
1190 3095 1224 3154 ia
1244 3092 1267 3154 4
1288 3093 1395 3154 Libros
1411 3092 1593 3156 Sententia-

369 3208 441 3248 rum
459 3223 479 3234 -
501 3189 721 3266 Compendium
742 3191 817 3266 lepis
838 3191 963 3264 Christi,
984 3195 1016 3250 et
1039 3191 1230 3255 Quodlibeta.

433 3287 568 3348 Ionrsss
590 3289 758 3350 Bissouos
778 3290 855 3348 Osa.
877 3289 957 3350 Mra
988 3287 1094 3369 (1329)
1124 3290 1231 3351 Edidit
1218 3291 1285 3350 tin
1315 3297 1451 3366 quatuor
1480 3293 1591 3352 Libros

371 3384 605 3445 Sententiarum
626 3405 686 3444 non
708 3391 780 3446 cont
767 3388 930 3446 temnenda
951 3387 1192 3448 Commentaria.

433 3484 558 3544 Persas
578 3485 764 3546 Pisaurus
770 3485 860 3548 Ora.
884 3485 946 3544 ΡΡ.
969 3482 1083 3564 (1330).
1104 3485 1281 3562 Scripsit
1268 3507 1303 3546 m
1324 3496 1460 3563 quatuor
1478 3489 1590 3550 Iribros

370 3581 519 3658 Mapistri
536 3581 675 3642 Sentent
651 3589 801 3642 tearum·
780 3581 1000 3642 -vractacam
1015 3583 1051 3644 de
1066 3601 1159 3646 causo
1172 3585 1356 3646 immediata
1370 3588 1587 3648 ecclesiasticae

365 3682 528 3757 potestatis
546 3713 563 3728 -
586 3683 744 3743 Sermones
765 3680 802 3740 de
820 3687 966 3759 tempore.

435 3782 539 3842 Gamo
560 3797 599 3840 ne
619 3781 813 3842 Permutatio
834 3781 931 3841 Cass.
958 3779 1073 3862 (1330).
1107 3782 1214 3844 Edidit
1249 3782 1359 3861 ingens
1384 3783 1528 3844 volumen
1548 3782 1586 3842 de

371 3880 509 3938 omnibns
522 3879 701 3940 haeresibus.

433 3979 559 4040 Psrnns
579 3979 788 4042 Brisiacus
807 3978 902 4039 cren.
925 3977 1041 4059 (1330).
1064 3981 1171 4042 Edidit
1184 3979 1317 4042 libellum
1330 3989 1440 4042 contra
1455 3983 1583 4044 Petram

371 4076 408 4136 de
432 4075 572 4136 Cuneriis
583 4093 676 4153 super
689 4078 775 4151 sacto
785 4076 1004 4154 praelatorum
1018 4078 1171 4138 Ecclesiae
1187 4077 1368 4140 Gallicanae
1378 4097 1438 4158 pro
1452 4081 1583 4142 eiusdem

372 4175 527 4234 Ecclesiae
551 4174 697 4234 libertate.
722 4173 858 4252 Scripsit
879 4192 999 4252 quoque
1021 4194 1167 4254 responsa
1195 4177 1296 4238 multa
1319 4182 1351 4238 et
1371 4179 1496 4251 librum,
1523 4181 1583 4241 sine

371 4259 599 4334 tractatum'de
620 4273 740 4348 oripine
760 4277 790 4332 et
808 4289 866 4330 usu
886 4273 1137 4334 iurisdictionem
1152 4273 1219 4336 siva
1233 4275 1269 4338 do
1288 4276 1597 4355 spiritalitatem.
1685 4325 1686 4336 .

369 4371 470 4448 poraii
490 4374 654 4449 potestate.
858 4358 860 4361 ⁵

431 4469 620 4531 Acsxisnrs
642 4470 689 4530 Ds
710 4468 833 4532 Sanora
853 4470 984 4554 Epsmro
1004 4473 1081 4533 One.
1101 4471 1182 4536 Aua.
1203 4471 1318 4554 (1330).
1338 4474 1474 4552 Scripsit
1502 4475 1581 4554 Opas

373 4564 414 4624 de
434 4567 586 4628 Ecclesiae
602 4573 753 4646 potestate
770 4567 903 4641 unitate,
919 4577 1117 4648 paupertate.
1140 4569 1320 4636 Tractatum
1334 4571 1372 4632 dc
1384 4573 1580 4638 ecclesiastica
