3404 5360
894 339 933 358 .-
953 308 995 368 88
1014 340 1055 356 .-

359 409 454 480 duae,'
474 427 536 470 una
557 403 598 470 de
614 407 761 486 passione·
779 405 918 479 Domini,
940 405 1043 466 altera
1070 408 1107 466 de
1122 405 1256 484 justitia
1279 405 1544 466 Pharisaeorum
1566 407 1599 462 et

358 507 618 568 christianorum.
648 504 786 582 Scripsit
813 501 1021 564 Euodiridion
1051 503 1101 584 iu·
1119 521 1181 578 quo
1209 503 1446 564 controversias
1486 503 1599 579 plnres

357 604 498 664 breviter
527 608 560 664 et
591 603 726 663 dilucide
755 605 933 678 pertractat
962 634 981 646 -
1006 600 1044 661 dc
1072 601 1225 679 sacrificio
1252 601 1365 662 Missae
1393 601 1509 661 Libros
1533 600 1559 658 2
1579 631 1601 644 -

359 705 396 764 do
419 703 526 762 eodem
548 701 662 762 iterum
684 701 738 758 lib.
762 702 781 760 3
803 731 820 744 -
841 701 885 760 De
905 701 1048 776 primatu
1067 699 1102 758 S.
1123 699 1215 759 Petri
1234 731 1255 744 -
1274 697 1312 759 de
1336 699 1545 776 poenitentia
1569 703 1601 756 et

358 801 528 860 virtutibus
544 799 756 876 poenitentiae
776 796 908 856 adneuis
929 829 945 845 ·
962 797 1104 875 pastillas
1132 797 1200 856 sive
1223 797 1370 856 homilias
1392 796 1429 857 de
1450 803 1602 873 tempore

335 909 349 924 “
362 907 391 958 et
410 899 448 958 de
467 898 592 957 Sanctis
614 928 630 942 -
654 895 791 972 Scripsit
811 894 907 954 etiam
929 896 1023 970 opera
1043 894 1194 953 nonnulla
1214 894 1442 971 philosophica.
1512 914 1514 918 ’

421 997 560 1056 loturus
582 995 769 1055 COGHLAEUS·
783 991 889 1072 (1530)
913 991 1051 1068 Scripsit
1072 992 1225 1068 opuscula
1246 991 1381 1068 plurima
1402 994 1523 1078 eontra
1538 991 1604 1050 Lu-

361 1094 491 1153 therum
511 1091 787 1153 Melanchthonem
809 1089 949 1164 aliosque
972 1089 1125 1148 sectarios
1147 1122 1163 1134 -
1186 1089 1300 1148 librum
1321 1088 1358 1148 de
1377 1089 1455 1148 actis
1475 1095 1512 1148 et
1525 1088 1604 1147 scri-

356 1191 422 1268 ptis
441 1190 573 1271 Latiari
593 1189 684 1248 valde
706 1187 817 1247 utilem
842 1188 880 1245 ad
901 1185 1100 1246 Luthoranos
1129 1185 1335 1246 confutandos
1365 1217 1381 1232 -
1404 1185 1604 1262 Septicidem

360 1288 533 1346 Lutherum
554 1289 590 1345 ut
610 1287 790 1345 ostenderet
810 1284 878 1342 eius
900 1283 1166 1344 contradictiones
1189 1287 1221 1342 et
1236 1271 1485 1343 inconstantiam
1512 1313 1531 1328 -
1555 1283 1604 1340 nt-

362 1386 493 1443 storiam
513 1385 716 1443 Hussitarum
736 1381 829 1440 libris
852 1381 1013 1440 duodecim
1035 1381 1299 1456 comprehensam.

425 1485 561 1544 ircosus
581 1482 732 1540 Leronus
745 1475 852 1558 (1530)
866 1478 974 1537 Edidit
994 1478 1219 1554 responsionem
1240 1477 1282 1538 ad
1296 1477 1445 1538 articulos
1459 1477 1603 1538 Lutheri

363 1614 379 1627 -
403 1580 440 1638 de
456 1581 601 1656 primatu
623 1567 786 1654 Pontificio
806 1576 919 1634 librum
939 1609 960 1622 -
980 1575 1017 1635 de
1035 1575 1098 1653 fide
1120 1582 1150 1636 et
1170 1576 1312 1652 operibus
1332 1583 1362 1634 et
1381 1577 1462 1635 notes
1482 1592 1603 1634 mona-

361 1679 444 1736 sticis
463 1711 483 1722 -
504 1676 541 1736 de
572 1675 769 1750 confessionis
796 1681 908 1733 secreto
928 1707 949 1720 -
973 1673 1010 1732 de
1039 1676 1256 1750 quaestionum
1285 1675 1450 1749 peneridus
1481 1674 1601 1750 quibus

365 1776 504 1835 Ecclesia
524 1781 624 1833 certat
643 1775 727 1831 intus
747 1780 776 1832 et
795 1773 875 1848 foris
895 1804 912 1816 -
936 1771 972 1832 de
995 1773 1135 1855 oratione
1150 1791 1211 1852 pro
1232 1771 1422 1848 defunctis-
1435 1772 1473 1832 de
1495 1774 1601 1832 inter·
1687 1763 1688 1806 3

363 1874 492 1932 cesnene
513 1873 703 1931 Sanctorum
722 1904 739 1916 -
760 1871 798 1930 de
818 1871 914 1930 sacris
932 1871 1122 1945 imaginibus
1142 1870 1333 1930 honorandis
1354 1903 1371 1916 -
1393 1870 1600 1941 decideram

363 1971 479 2031 delectu
501 1978 531 2031 et
544 1971 677 2047 jejuniis
697 2002 717 2016 -
738 1969 775 2028 de
796 1987 901 2029 causa.
1358 1977 1361 1982 '

425 2070 619 2130 qucrscus
641 2086 680 2128 na
701 2067 857 2128 erorus
877 2068 954 2128 Ono.
974 2068 1036 2126 ΡΡ.
1060 2065 1103 2146 (t.
1113 2063 1204 2144 1546)
1224 2066 1272 2126 Ab
1288 2085 1323 2125 eo
1338 2066 1481 2142 prodiere
1497 2068 1538 2127 L.
1562 2065 1600 2124 de
1687 2057 1688 2098 1

358 2173 511 2243 potestate
526 2167 679 2224 Ecclesiae
694 2197 711 2208 -
734 2163 771 2223 de
791 2171 939 2239 potestate
959 2165 1042 2224 civdi
1061 2197 1082 2212 -
1103 2164 1140 2224 de
1148 2171 1300 2242 potestate
1317 2165 1447 2224 Concilii
1459 2195 1480 2210 -
1493 2164 1536 2225 ole
1551 2164 1599 2221 in·

364 2265 440 2322 dis·
449 2262 486 2322 de
495 2263 696 2322 matrimonio
711 2261 781 2321 -de
796 2269 981 2338 arpumento
996 2263 1161 2322 charitatis
1170 2281 1206 2322 ao
1217 2261 1253 2322 de
1269 2279 1301 2321 eo
1315 2261 1357 2322 od
1371 2261 1452 2337 quod
1467 2268 1598 2322 tenetur
1687 2319 1688 2344 ἶ

319 2369 323 2380 “
361 2363 544 2440 perveniens
564 2360 607 2419 ad
626 2378 716 2420 usum
736 2360 878 2419 rationis.
902 2361 1001 2420 Extat
1023 2346 1145 2436 quoque
1167 2361 1224 2418 sub
1236 2361 1304 2437 ejus
1326 2360 1449 2418 nomine
1468 2377 1598 2420 mmma

364 2460 401 2520 de
420 2460 632 2519 Sacramentis
651 2477 744 2534 quam
765 2476 827 2518 non
848 2458 927 2535 ipse,
943 2460 996 2518 sed
1015 2457 1085 2518 eins
1106 2458 1254 2534 discipuli
1275 2477 1315 2517 ex
1337 2458 1474 2534 scriptis,
1488 2458 1595 2535 ipsius
1687 2523 1688 2544 χ

367 2557 576 2634 collegerunt.

424 2655 519 2714 Gneo.
541 2656 645 2716 Pctus
666 2652 772 2733 (1530)
794 2611 895 2729 Opera
915 2655 983 2732 ejus
999 2657 1074 2712 sunt
1092 2653 1257 2712 Tractatus
1277 2653 1313 2713 de
1334 2654 1465 2714 ueritate
1486 2655 1597 2714 Eccle-
1687 2659 1688 2668 ’

362 2753 487 2828 siastica
506 2785 526 2798 -
545 2754 589 2812 De
609 2752 707 2830 officio
738 2758 767 2810 et
793 2758 945 2828 potestate
973 2751 1096 2810 Summi
1127 2751 1287 2828 Pontificio
1307 2783 1328 2796 -
1348 2757 1377 2810 et
1396 2751 1434 2810 de
1456 2751 1594 2812 Concilio
1687 2815 1688 2818 Ἴ

367 2849 548 2910 Tridentino
569 2881 587 2897 -
608 2850 770 2910 Sermones
790 2856 819 2909 et
837 2850 1007 2926 Epistolae.
1029 2883 1037 2896 ·
1061 2886 1064 2890 -
1153 2849 1158 2864 “

420 2949 593 3010 Mancruou
607 2949 711 3013 Genus
724 2947 801 3011 Ono.
814 2948 849 3008 Ρ.
865 2945 900 3027 (†
913 2944 1004 3024 1560)
1013 2945 1136 3006 Auctor
1146 2950 1197 3008 est
1207 2947 1310 3024 operis
1323 2947 1595 3024 praestantissimi
1687 2929 1688 2948 ¹

365 3045 402 3106 de
424 3047 494 3106 loeis
514 3045 689 3120 theolopicis
710 3045 741 3104 in
766 3043 804 3104 12
825 3045 923 3104 libros
946 3043 1122 3110 distributi.
1280 3111 1283 3126 .

423 3147 442 3206 J
444 3160 563 3207 cennas
575 3145 705 3206 Damno.
719 3145 881 3203 Adversus
897 3142 1097 3203 Lutherenos
1112 3159 1235 3202 errores
1247 3143 1424 3220 disputavit
1438 3144 1474 3204 de
1485 3145 1594 3220 gratia

365 3247 398 3301 et
419 3242 519 3302 libero
540 3241 675 3300 arbitrio
696 3242 853 3318 hujusque
876 3259 947 3300 eum
968 3239 1078 3300 divina
1092 3241 1380 3317 praedestinatione
1401 3242 1590 3313 concordia3

365 3341 401 3398 de
411 3339 601 3415 captivitate
613 3341 646 3396 et
658 3338 870 3414 redemptione
885 3337 1014 3396 humani
1027 3337 1164 3414 generis,
1181 3339 1217 3397 de
1233 3337 1404 3414 scripturis
1419 3343 1452 3398 et
1466 3339 1595 3416 dogma·

364 3435 450 3497 tibus
472 3434 714 3494 ecclesiasticis
986 3425 987 3428 ’

380 3595 383 3602 ,
414 3533 699 3616 Enaruonousaus
721 3529 849 3592 Mamas
870 3532 942 3592 Ord.
965 3528 1086 3612 PP.'(†
1108 3551 1137 3592 a.
1162 3529 1251 3611 1581)
1269 3530 1413 3592 confecit
1432 3499 1594 3594 Commen-
1687 3515 1688 3528 ¹

365 3631 451 3690 toria
471 3631 505 3689 in
524 3629 558 3688 S.
585 3628 737 3689 Thomam
757 3636 786 3690 et
805 3630 1041 3690 instructionem
1071 3631 1108 3691 de
1136 3631 1342 3692 Sacramenta
1363 3633 1589 3708 poenitentiae,

365 3728 484 3804 primus
505 3725 569 3788 fuit
590 3728 644 3803 qui
665 3728 842 3788 doctrinam
864 3728 900 3788 de
920 3729 1119 3806 opinionibus
1150 3729 1365 3807 probabilibus
1395 3730 1428 3788 in
1450 3735 1592 3808 systema

368 3825 501 3902 redegit.

424 3924 604 3986 Anonosrus
631 3924 833 3986 Oarasmnus
861 3927 938 3986 an.
969 3927 1031 3991 ΡΡ.
1054 3927 1091 4007 (tr
1119 3923 1222 4005 1543).
1244 3925 1381 4012 Scripsit
1400 3927 1436 3986 in
1456 3927 1592 4003 quinque

361 4021 474 4101 priora
504 4021 619 4098 Capita
654 4020 778 4084 Genesis
799 4025 921 4083 -etin
942 4025 1083 4101 epistolas
1113 4025 1147 4084 S.
1178 4023 1286 4096 Pauli,
1318 4030 1349 4084 et
1380 4024 1553 4086 canonicos
1573 4058 1589 4068 -

367 4119 504 4198 Scripsit
524 4120 621 4180 etiam
641 4139 718 4199 opus
742 4123 893 4184 adversus
918 4123 1093 4184 Martinum
1114 4121 1300 4182 Lutherum.
1323 4121 1440 4199 Aliqua
1460 4139 1499 4181 ex
1520 4141 1591 4199 cpe·

367 4219 454 4280 ribus
483 4218 550 4296 ejus
572 4218 733 4280 Ecclesiae
759 4220 881 4297 judicio
912 4220 1090 4298 improbata
1119 4224 1206 4295 sunt,
1228 4238 1325 4296 quare
1347 4224 1440 4281 cauto
1460 4222 1591 4298 legenda

367 4334 538 4378 monemus.
1043 4381 1049 4390 ,
1400 4359 1404 4366 -
1536 4339 1538 4346 ’

426 4415 691 4479 DcnrrucusSoro
706 4415 783 4479 Ono.
796 4416 859 4475 ΡΡ.
874 4415 911 4496 (†
927 4415 1018 4498 1560)
1031 4417 1174 4494 Reliquit
1189 4418 1498 4488 Commentariumin
1511 4419 1589 4496 Epi-

363 4511 473 4570 stadam
483 4512 525 4572 ad
534 4515 719 4573 Romanos-
729 4511 934 4576 denaturaet
941 4517 1051 4592 pratia
1062 4517 1224 4578 librostres
1236 4551 1256 4564 -
1270 4516 1308 4577 ele
1317 4516 1444 4578 ratione
1461 4517 1583 4592 lependi
