3444 5358
117 453 249 496 numero
262 433 303 496 27
324 435 356 494 iu
378 435 492 512 quibus
512 435 604 494 finem
626 437 816 497 Graecorum
838 455 991 497 canonum
1005 453 1073 498 essa
1095 439 1246 501 declarat.
1262 441 1345 501 Huic

110 534 215 593 codici
237 551 371 594 canones
385 533 585 610 Apostolicos
599 533 639 594 50
653 535 781 609 adiecit,
796 536 999 597 Sardicenses
1012 535 1049 596 21
1066 539 1098 596 et
1120 537 1345 599 Africanorum

110 631 325 690 Conciliorum
346 630 404 691 138
424 649 464 690 ex
485 631 585 691 latino
612 633 820 711 autographo.
842 634 953 694 Altera
973 651 1061 711 pars,
1085 654 1163 712 qnae
1185 638 1288 697 serius
1311 638 1344 697 in

109 728 215 788 lucem
235 729 367 807 prodiit,
383 729 525 789 continet
547 731 729 790 Decretales
744 733 956 792 Romanorum
978 732 1170 794 Pontificum
1192 733 1345 795 aSIricio

108 827 149 886 ad
177 828 398 902 Anastasium,
413 827 527 905 quibus
542 831 651 904 postea
671 829 852 890 Decretales
873 829 968 890 etiam
991 830 1125 891 aliorum
1141 832 1343 906 Pontificum,

109 925 165 984 sed
179 944 241 984 nou
256 925 395 985 eiusdem
406 927 548 986 auctoris
563 945 669 1003 opera,
691 932 908 986 accesserunt.

168 1024 241 1084 VII.
265 1023 403 1084 habente
431 1024 558 1084 saeculo
586 1025 661 1085 VIII
694 1025 875 1084 Hadrianus
903 1027 918 1086 I
950 1025 1100 1086 Pontifex
1131 1027 1190 1086 hoc
1230 1045 1343 1106 corpus

108 1137 266 1180 canonum
280 1121 468 1198 quibusdam
480 1122 693 1182 additionibus
708 1121 950 1198 locupletatum,
963 1124 1076 1184 Carolo
1090 1125 1134 1185 M.
1148 1125 1342 1185 Francorum

108 1219 194 1295 regi,
206 1219 363 1295 praeclari
378 1220 518 1281 munerIs
530 1220 611 1293 1000,
627 1221 743 1280 Romae
758 1221 856 1294 dedit,
873 1225 905 1280 et
925 1225 992 1281 tum
1008 1239 1081 1281 saue
1104 1240 1163 1280 usu
1181 1227 1343 1302 receptum
1373 1283 1379 1294 ,

108 1316 216 1376 valuit
237 1318 318 1394 apud
347 1318 467 1389 Gallos,
490 1324 527 1377 ut
547 1336 587 1377 ex
615 1317 766 1379 Conciliis
789 1323 898 1395 postea
928 1319 1047 1379 habitis
1080 1320 1190 1397 colligi
1222 1323 1338 1397 potest.

108 1415 197 1474 Haec
218 1419 269 1474 est
289 1414 448 1488 collectio,
470 1434 550 1491 quae
581 1415 741 1476 Hadriana
769 1417 960 1493 appellatur,
983 1421 1015 1476 et
1037 1436 1055 1477 a
1082 1418 1278 1496 Dionysiana
1299 1418 1346 1476 di-

108 1511 292 1589 stinguitur
321 1513 507 1590 praesertim
532 1530 588 1590 per
618 1513 720 1572 dictas
752 1513 938 1574 addItiones.
962 1513 1092 1574 Minime
1122 1533 1198 1575 vero
1230 1515 1344 1575 existi·

107 1609 259 1668 mandum
279 1616 341 1682 est,
364 1611 526 1670 laudatum
556 1609 740 1669 Pontificem
765 1614 927 1670 auctorem
949 1615 981 1671 et
1003 1611 1106 1672 dictae
1128 1613 1340 1685 collectionis,

107 1711 142 1765 et
163 1725 274 1767 earum
295 1707 489 1768 additionum
509 1707 684 1796 exstitisse.

169 1805 258 1867 v111.
280 1807 340 1866 Ast
361 1802 505 1864 Ecclesia
525 1805 689 1867 Gallicana
703 1807 747 1867 VI
762 1788 888 1864 saeculo
903 1824 994 1883 sunm
1009 1807 1171 1883 proprium
1193 1807 1342 1867 habuisse

108 1902 252 1962 codicem
273 1907 306 1963 et
327 1903 450 1980 quidem
470 1921 489 1962 a
509 1903 704 1980 Dionysiano
732 1903 903 1978 diversum,
937 1907 1024 1981 patet
1045 1921 1084 1962 ex
1099 1904 1258 1981 Agobardi
1281 1908 1343 1966 Lu-

109 1999 285 2078 gdunensis
300 1999 449 2078 Episcopi
476 2001 612 2078 epistola
641 2001 678 2060 ad
708 2001 915 2072 Ludovicum,
940 2006 1007 2060 tum
1031 2019 1070 2060 ex
1099 2001 1245 2062 Caesario
1265 2002 1342 2062 Are·

109 2099 240 2158 latensi
263 2099 397 2159 Constat
417 2116 540 2175 quoque
562 2115 635 2158 suas
650 2097 798 2157 habuisse
820 2099 1021 2159 collectiones
1037 2099 1213 2160 Ecclesiam
1228 2101 1343 2178 Hispa-

109 2196 216 2256 nicam
254 2199 287 2256 et
316 2195 511 2256 Africanam.
535 2197 647 2256 Plures
676 2201 751 2255 sunt
783 2196 985 2256 collectiones
1012 2196 1238 2274 Hispanorum,
1261 2215 1339 2274 quas

109 2294 210 2367 inter,
243 2313 382 2370 eaquae
411 2294 475 2354 dici
505 2295 586 2353 solet
615 2292 799 2370 Hispaniae,
822 2299 894 2370 post
919 2294 1146 2372 Dionysianam
1167 2297 1276 2357 ordine
1310 2300 1342 2356 et

111 2391 205 2468 copia
226 2391 305 2450 alias
327 2391 503 2452 antecellit.
525 2390 791 2466 Antiquissimum
817 2391 955 2450 codicem
984 2392 1018 2450 in
1039 2398 1104 2452 tres
1131 2398 1238 2470 partes
1261 2393 1344 2454 divi-

110 2507 183 2548 sum
203 2491 315 2549 extare
332 2490 366 2548 in
378 2489 522 2548 Ecclesia
543 2489 723 2566 Urgellensi
746 2489 860 2548 scribit
875 2489 1052 2550 Cardinalis
1067 2491 1240 2567 Aguirrius
1262 2491 1338 2551 diss.

108 2588 155 2660 II,
183 2591 258 2646 tom.
288 2587 317 2659 1,
342 2588 621 2647 cuiusauctorem
645 2587 746 2646 fuisse
767 2589 799 2648 S.
822 2588 981 2647 Isidorum
1005 2588 1237 2665 Hispalensem‚
1264 2593 1340 2648 sunt

109 2685 167 2760 qui
188 2686 394 2745 contendunt.
416 2687 479 2747 Pro
500 2685 675 2762 Hispanica
689 2686 832 2745 Ecclesia
856 2689 945 2744 suam
974 2685 1192 2745 collectionem
1207 2683 1342 2764 perfecit

108 2782 272 2843 Martinus
292 2803 309 2842 e
332 2783 492 2843 Pannonia
512 2783 676 2855 oriundus,
693 2783 901 2843 Bracarensis
922 2783 1097 2860 Episcopus
1122 2784 1254 2843 circiter
1287 2803 1336 2844 an.

108 2881 182 2940 570.
206 2881 242 2940 In
263 2899 300 2941 ea
321 2881 503 2958 complexus
524 2884 575 2940 cst
600 2898 730 2958 graecos
760 2899 894 2940 canones
916 2899 935 2940 a
956 2897 990 2938 se
1011 2881 1110 2940 latIne
1133 2881 1285 2953 redditos,
1308 2887 1339 2942 et

109 2980 213 3038 multa
233 2979 329 3038 etiam
350 2997 390 3038 ex
411 2978 522 3040 latinis
545 2977 687 3037 fontibus
707 2979 876 3054 expressIt.
898 2981 1014 3040 Verum
1036 2978 1183 3054 antiquos
1206 2997 1340 3038 canones

110 3095 204 3153 saepe
213 3078 252 3136 ad
261 3076 467 3136 recentiorem
482 3075 680 3153 disciplinam
692 3076 952 3149 accommodavit,
963 3081 996 3134 et
1009 3075 1077 3134 ideo
1091 3076 1192 3134 multa
1208 3076 1339 3150 addidit,

111 3175 165 3234 vel
187 3174 339 3234 detraxIt.
354 3175 456 3234 Huius
478 3173 676 3234 collectionis
698 3192 771 3252 pars
794 3193 856 3234 una
870 3173 1094 3250 complectitur
1115 3192 1193 3249 quae
1215 3176 1253 3234 ad
1268 3174 1342 3253 Epi·

111 3289 224 3350 scopos
246 3276 278 3333 et
299 3272 485 3332 universum
506 3273 642 3348 Olenum,
666 3273 769 3334 altera
790 3291 868 3350 quae
890 3274 929 3333 ad
948 3271 1047 3332 laicos
1069 3276 1225 3349 spectant.

173 3372 230 3432 IX.
253 3369 407 3431 Africana
427 3374 532 3431 antem
552 3371 697 3432 Ecclesia
711 3376 785 3432 ante
805 3372 980 3432 Concilium
1009 3370 1273 3449 Carthaginiense
1295 3373 1341 3436 VI

111 3488 195 3530 anno
215 3469 274 3528 419
296 3469 416 3528 nullam
436 3468 548 3528 habuit
569 3477 723 3530 canonum
739 3471 966 3530 collectionem.
982 3470 1030 3529 Ex
1056 3469 1138 3529 actis
1163 3469 1258 3530 huius
1283 3472 1349 3548 Sp,
1430 3455 1432 3460 ’

110 3568 184 3628 nodi
219 3565 382 3627 confectus
407 3567 535 3628 videtur
556 3567 662 3628 Codear
681 3586 836 3628 canonum
857 3568 1014 3629 Ecclesiae
1040 3569 1226 3643 Africanae,
1249 3587 1339 3644 quem

111 3683 170 3725 suo
191 3665 292 3724 codici
313 3665 451 3724 inseruit
471 3665 643 3742 Dionysius
668 3666 825 3745 Exiguus,
842 3672 877 3727 ut
898 3683 995 3743 supra
1017 3665 1187 3725 innuimus.
1205 3667 1341 3725 Ferreu-

111 3767 169 3824 dus
190 3764 444 3824 Inde-Ecclesiae
474 3765 749 3842 Carthaginiensis
765 3765 935 3836 Diaconus‚
958 3764 1013 3840 qui
1042 3765 1075 3822 in
1095 3762 1207 3824 Africa
1228 3764 1340 3826 floruit

109 3863 218 3923 eadem
239 3865 355 3934 aetate,
378 3881 439 3938 qua
459 3863 575 3923 Romae
596 3863 782 3941 Dionysius,
798 3863 956 3924 Bonifacii
977 3863 1027 3922 sui
1048 3862 1196 3941 Episcopi
1217 3863 1342 3923 monitu·
1441 3917 1442 3921 ,

111 3959 331 4019 collectionem
353 3961 535 4034 adornavit,
557 3979 619 4038 qua
634 3979 787 4019 canonum
802 3965 926 4021 tantum
943 3978 1095 4020 summam
1111 3962 1208 4034 dedit,
1225 3966 1257 4022 et
1272 3962 1340 4022 ideo

109 4058 331 4118 breviationem
351 4074 506 4118 canonum
527 4059 668 4132 vocavIt3
690 4059 779 4135 isque
800 4059 885 4119 inter
906 4076 972 4131 eos,
995 4059 1050 4135 qui
1071 4077 1205 4119 canones
1231 4061 1341 4119 Conci-

108 4155 227 4215 liorum
248 4155 347 4215 latine
369 4156 402 4214 in
422 4157 564 4217 ordinem
584 4161 617 4216 et
638 4157 853 4234 compendium
883 4159 1086 4234 redegerunt,
1109 4158 1159 4217 vel
1186 4157 1340 4233 antiquis·

111 4253 224 4324 simus,
247 4253 299 4312 vel
320 4253 406 4313 inter
427 4255 664 4330 antIquIssimos
687 4253 761 4314 fuit.
784 4253 877 4314 Circa
907 4273 1024 4314 annum
1045 4253 1167 4314 Christi
1187 4255 1247 4315 690
1267 4256 1340 4315 Cre·

111 4350 253 4427 econius,
276 4349 451 4429 Episcopus
472 4352 643 4413 Africanus
665 4353 860 4412 Ferraadum
880 4353 1037 4428 imitatus,
1060 4357 1097 4412 ut
1118 4354 1184 4430 ipse
1205 4352 1338 4426 fatetur,

111 4467 226 4509 novam
256 4448 475 4508 collectionem
504 4451 720 4524 concinnavit,
748 4469 839 4526 quam
866 4451 1067 4512 Bracc'arium
1089 4452 1276 4511 cancamum
1293 4450 1341 4510 in-

27 4597 30 4604 ,
110 4547 264 4624 scriptam
286 4547 401 4607 voluit.
425 4547 461 4606 In
482 4565 519 4608 ea
541 4548 695 4624 siquidem
716 4548 869 4609 brevibus
898 4550 1063 4610 summulis
1085 4550 1212 4627 singula
1232 4549 1341 4609 Eccle-

1208 4682 1233 4726 11
