3466 5362
157 429 292 504 quatuor
306 427 457 500 visiones,
473 430 625 490 secundus
640 429 758 492 Pastor
782 431 942 492 duodecim
962 433 1121 505 mandata,
1137 433 1253 494 tertius
1268 433 1372 494 decem

157 526 383 588 similitudines
412 527 643 606 complectitur.
665 530 749 608 Opus
771 547 848 592 vero
875 529 1063 592 inscribitur
1083 531 1208 604 Pastor,
1231 551 1266 592 eo
1291 533 1372 609 quod

153 626 337 702 apparuisse
358 625 419 686 sibi
439 625 593 704 Angelum
621 627 732 688 habitu
760 628 914 705 pastorali
936 628 1080 689 indutum
1102 629 1216 689 scribit
1235 630 1369 691 Auctor.

152 723 210 784 Ed.
227 724 373 801 princeps
387 724 505 802 prodiit
517 724 652 786 Parisiis
668 725 757 788 1513.
773 726 806 786 in
822 725 876 786 iol.
901 744 978 788 cura
999 728 1029 788 S.
1047 728 1143 790 Fabri
1163 727 1369 806 stapulensis.

213 823 245 884 S.
258 823 400 884 Casurus
414 824 440 883 l.
451 824 491 884 R.
502 825 537 885 P.
548 823 586 904 (†
597 842 647 884 an.
659 822 741 905 100).
754 823 891 902 Scripsit
904 826 1048 902 epistolas
1061 825 1140 886 duos
1149 825 1191 908 ad
1201 825 1373 886 Corinthios

154 939 288 999 quarum
308 921 410 999 prima
430 922 469 981 ab
484 923 626 982 omnibus
648 923 832 983 authentica
852 923 999 996 hahetur,
1015 928 1047 984 et
1061 942 1160 1002 nuper
1180 924 1304 1002 integra
1325 941 1373 983 re-

152 1024 244 1098 perta
263 1021 360 1082 estin
375 1037 433 1080 ms.
450 1021 538 1098 Cpoli
559 1022 740 1093 adservato,
762 1020 833 1102 (Ed.
857 1019 1051 1102 Cpoli1875)
1073 1023 1174 1082 altera
1195 1039 1270 1082 vero
1292 1039 1371 1097 quae

144 1104 263 1196 'paucis
286 1119 380 1182 dubia
401 1119 578 1194 videbatur,
594 1138 676 1182 nunc
691 1119 729 1182 ab
750 1120 894 1182 omnibus
916 1119 1098 1182 admittitur
1119 1120 1247 1196 eiusque
1268 1137 1375 1180 exem-

153 1218 224 1294 plar
245 1218 406 1278 nonnullis
429 1217 585 1296 capitibus
608 1221 734 1278 auctum
756 1218 870 1278 ibidem
891 1218 1055 1278 inventum
1075 1221 1134 1278 est.
1155 1217 1275 1280 Dubiae
1296 1236 1372 1278 vero
1405 1233 1407 1238 ·

155 1317 231 1374 sunt
251 1315 402 1392 epistolae
425 1317 502 1376 duae
523 1317 562 1376 ad
581 1315 731 1394 Virgines
753 1314 822 1398 (seu
843 1316 949 1394 potius
971 1317 1010 1376 ad
1031 1313 1197 1395 Caelibes)‚
1220 1334 1298 1392 quae
1319 1333 1372 1394 sy·

155 1413 241 1474 riaco
269 1417 394 1474 tantum
422 1414 569 1476 idiomate
597 1414 766 1491 habentur,
788 1415 932 1493 quamvis
961 1414 1121 1492 probabile
1143 1413 1198 1487 sit,
1220 1431 1273 1474 eas
1301 1416 1372 1477 aS.

154 1511 312 1574 Clemente
334 1531 445 1591 graece
466 1512 567 1574 inisse
587 1517 734 1574 exaratas
750 1513 771 1573 ¹.

210 1610 383 1674 Asourrus
404 1643 421 1656 -
443 1613 531 1672 Inter
552 1611 730 1689 Scriptores
752 1611 943 1690 apostolicos
965 1609 1017 1672 vel
1037 1609 1197 1687 Apostolis
1220 1628 1371 1688 suppares

152 1710 363 1770 numerandus
383 1714 434 1771 est
461 1714 573 1770 auctor
592 1711 750 1790 Ephtobte
770 1709 813 1770 aot
832 1712 1033 1786 Diognetum,
1055 1727 1146 1786 quem
1167 1708 1223 1768 alii
1244 1727 1372 1770 censue-

151 1813 230 1868 runt
258 1808 417 1869 Iustinum
444 1809 632 1887 Martyrem,
655 1809 711 1868 alii
732 1809 919 1870 Clementem
946 1809 1129 1880 Romanum,
1160 1806 1216 1866 alii
1251 1808 1373 1868 demum

152 1905 329 1984 Apollinem
350 1925 369 1966 a
397 1908 427 1967 S.
448 1907 547 1968 Paulo
574 1907 608 1966 in
628 1907 686 1984 Ep.
709 1908 747 1968 ad
774 1907 918 1968 Corinth.
947 1907 1234 1976 commemoratum,
1263 1921 1393 1964 rerumv

153 2005 231 2064 haec
246 2005 349 2066 omnia
363 2006 487 2070 ineerta
502 2009 577 2066 sunt
591 2009 624 2066 et
638 2006 732 2066 meris
748 2004 939 2068 coniecturis
962 2003 1155 2064 innituntur.
1178 2003 1280 2062 Huius
1295 2021 1373 2063 vero

150 2103 312 2180 Epistolae
341 2109 563 2184 argumentum
592 2105 655 2164 tale
676 2107 735 2170 est:
758 2101 1098 2182 Diognetusquidam,
1130 2102 1264 2162 nondum
1290 2102 1374 2163 chri-

152 2202 286 2276 stianus,
302 2203 369 2262 eius
385 2207 489 2263 tamen
507 2204 666 2264 doctrinae
688 2204 920 2280 cognoscendae
942 2200 1227 2286 cupidusgauctori
1249 2201 1373 2277 aliquas

151 2302 348 2376 quaestiones
364 2302 541 2380 proposuit,
559 2301 758 2380 potissimum
774 2303 811 2362 de
824 2302 951 2362 interna
965 2289 1202 2360 Christianismi
1219 2299 1370 2373 essentia,

152 2397 186 2457 in
207 2418 339 2476 querum
360 2401 514 2479 solutione
536 2401 696 2480 integrum
717 2400 878 2478 Epistolae
899 2401 1123 2478 argumentum
1145 2401 1303 2460 versatur.

642 2696 823 2758 SAECULO
843 2698 885 2760 11.

211 2890 241 2951 S.
255 2891 407 2954 lenimus
416 2891 460 2954 M.
471 2892 528 2970 Ep.
539 2892 663 2954 Antioc.
676 2893 713 2975 (ᾧ
723 2913 773 2956 an.
784 2892 865 2973 114).
877 2891 1005 2954 Ultimis
1021 2891 1106 2952 vitae
1122 2907 1196 2951 suae
1210 2891 1370 2952 mensibus

151 2988 284 3066 scripsit
303 2995 416 3066 septem
431 2991 597 3068 Epiktetos,
620 3009 753 3068 quarum
768 2993 883 3070 duplex
903 2992 1012 3052 exstat
1032 3008 1178 3068 graecum
1200 2991 1369 3072 exemplar,

151 3085 287 3146 alterum
309 3087 438 3148 brevius
460 3107 642 3166 germanum
664 3094 757 3166 atque
779 3091 949 3160 sincerum,
971 3088 1105 3148 alterum
1126 3088 1252 3166 longius
1273 3089 1371 3150 inter-

153 3182 303 3258 polatum.
325 3186 386 3246 Diu
408 3187 507 3266 lectae
529 3187 561 3247 in
583 3187 748 3255 Ecclesiis,
770 3188 927 3248 habentur
947 3204 1003 3263 pro
1024 3185 1146 3246 illustri
1171 3192 1372 3254 monumento

155 3281 301 3358 antiquae
314 3283 386 3344 fidei
401 3289 433 3344 et
447 3285 641 3363 disciplinae.
664 3287 797 3348 Praeter
810 3287 867 3346 has
890 3283 1271 3363 circumferunturscptem
1290 3287 1371 3348 oliae

153 3381 295 3458 epistolae
321 3383 538 3462 interpolatae.
562 3385 673 3462 Stylus
694 3385 822 3446 illarum
850 3384 1062 3446 sententiosus
1083 3388 1133 3444 est
1155 3403 1192 3444 ac
1213 3369 1371 3446 brevitate

150 3483 183 3537 ct
193 3480 319 3541 concisa
328 3485 461 3558 quadam
471 3485 608 3544 dictione
618 3485 766 3564 insignis.
776 3487 833 3546 Ed.
845 3485 904 3544 Th.
917 3485 1020 3546 Smith
1031 3484 1144 3545 Oxonii
1156 3483 1245 3558 1709,
1257 3485 1369 3546 novis-

151 3577 229 3637 sime
251 3581 276 3639 I.
300 3582 340 3642 H.
365 3581 552 3664 Petermann
576 3583 701 3660 Lipsiae
724 3584 811 3644 1849.

208 3678 240 3737 S.
249 3673 431 3740 Pnrrss'Er.
444 3684 690 3742 Hrsnnronrrsn.
702 3680 741 3761 (f.
750 3701 779 3742 a.
788 3701 813 3742 c.
821 3679 1051 3762 lacteumque
1062 3679 1194 3757 scripsit
1207 3679 1369 3742 volumina

149 3792 281 3851 quorum
302 3779 417 3840 titulus
449 3813 466 3826 -
479 3781 643 3857 Eepositio
655 3783 855 3842 oraculorum
875 3781 1099 3842 dominicorum
1114 3812 1131 3826 -
1147 3779 1250 3841 Huius
1266 3783 1369 3842 tamen

150 3875 251 3950 operis
284 3876 388 3937 decem
418 3881 542 3938 tantum
575 3877 753 3956 fragmenta
786 3883 968 3958 supersunt,
1002 3898 1041 3940 ex
1072 3879 1185 3956 quibus
1218 3880 1368 3940 nonnulla

148 3973 359 4036 adiudicanda
386 3977 536 4038 videntur
569 3978 785 4056 Scriptoribus
821 3978 944 4056 graecis
974 3977 1128 4054 sequioris
1163 3977 1243 4038 aeri.
1277 3977 1370 4040 Licet

148 4072 263 4152 Papias
285 4074 319 4134 in
346 4075 532 4153 quibusdam
561 4075 655 4138 nimis
684 4075 783 4138 fuerit
812 4077 958 4138 credulus
982 4095 1018 4138 ac
1046 4093 1185 4136 errorem
1207 4077 1243 4136 de
1272 4093 1371 4154 regno

199 4241 211 4286 1
226 4244 355 4302 operibus
370 4246 512 4292 clementis
537 4257 631 4294 nomen
657 4247 793 4294 ementitis
809 4247 943 4294 accenseri
964 4245 1058 4292 debent
1079 4245 1287 4292 constitutiones
1303 4257 1369 4304 apo·

145 4314 267 4369 stolicae‚
281 4316 505 4374 Recognitionum
516 4316 584 4364 libri
603 4329 635 4365 ac
648 4318 828 4365 novemdecim
842 4318 975 4365 Heminae
990 4317 1179 4374 Clementlnae,
1193 4327 1262 4375 quae
1277 4318 1372 4367 omnia

144 4397 196 4432 non
210 4390 272 4432 ante
287 4387 400 4434 tertium
415 4389 549 4438 Ecclesiae
564 4391 702 4437 saeculum
715 4390 869 4448 conscripta
885 4390 1020 4438 videntur.

198 4459 315 4506 canones
328 4471 402 4516 vero,
416 4461 462 4518 qui
479 4461 720 4510 constitutionibus
735 4461 892 4522 apostolicis
907 4461 1111 4518 subnectuntur,
1129 4473 1241 4510 numero
1256 4463 1370 4522 quinque

141 4537 226 4586 supra
243 4531 391 4590 octoginta,
401 4542 451 4578 non
462 4532 587 4580 videntur
597 4533 746 4581 innotuisse
754 4535 841 4581 multo
850 4535 913 4580 ante
928 4535 1006 4582 linem
1013 4527 1116 4582 saeculi
1127 4537 1158 4580 V.
1169 4545 1200 4581 ex
1209 4534 1252 4582 his
1262 4535 1371 4594 priores

142 4598 341 4659 quinquaginta
354 4603 453 4650 merito
466 4603 658 4652 existimantur
673 4617 728 4655 esse
744 4605 933 4672 summarium
955 4605 1135 4664 sanctionum,
1149 4616 1218 4664 quae
1232 4615 1249 4654 a
1264 4609 1370 4672 graecis

139 4672 272 4731 episcopis
286 4675 469 4723 antenicaanis
483 4676 560 4724 latae
573 4675 690 4726 fuerant.
