3404 5360
368 405 521 479 potestate
543 399 702 479 imperiali
722 397 881 477 etpopaii
901 398 982 460 -De
1006 396 1181 460 necesitate
1205 397 1443 472 reformationis
1513 435 1515 438 -

373 500 468 560 stieoe
487 500 522 560 in
543 499 644 577 capite
664 505 694 558 et
712 497 856 558 menbris
876 528 893 546 ·
913 496 1101 556 Innectioarn
1127 496 1161 554 in
1188 494 1404 572 diffnpientem
1423 515 1448 558 a
1471 493 1611 556 Concilio

369 598 518 660 Ioannem
541 630 558 644 -
579 597 842 658 Enhcrtationem
862 595 905 656 ad
917 597 1093 672 liopertum
1106 596 1224 669 Rapere
1237 596 1456 676 Romanorum
1470 599 1514 654 nt
1527 593 1613 654 Pon

371 698 491 775 ciprum
509 697 640 757 schisma
661 695 797 773 catirpet
817 727 834 742 -
857 693 1031 754 Chronican
1050 693 1112 754 sine
1136 693 1222 756 Vitas
1234 693 1425 772 Pontificum
1436 711 1464 754 a
1476 689 1613 752 Nereae

369 793 389 852 1
391 794 426 854 V.
447 810 542 870 aspre
563 793 607 854 oei
632 793 789 854 Urbanam
814 794 848 853 V.
1219 779 1222 785 Δ

429 895 556 954 Pnunus
566 894 742 954 Buncunns
751 890 769 971 (
767 891 799 950 11.
811 910 861 951 an.
880 888 971 970 1430)
980 889 1117 967 Scripsit
1131 888 1304 949 additiones
1312 887 1356 948 ad
1370 889 1547 948 Postiliam
1556 885 1615 946 Ni-

369 991 448 1050 colai
466 990 590 1068 Isprani
610 997 639 1049 et
665 989 862 1050 Seratininm
888 988 1127 1066 Scripturarmm
1148 987 1182 1046 in
1203 988 1279 1046 duos
1300 985 1399 1046 libros
1428 987 1611 1047 tributum.

430 1088 564 1148 Ioannis
574 1087 679 1150 N1uun
690 1089 769 1148 Ono.
779 1088 843 1148 ΡΡ.
853 1085 899 1167 (fi.
910 1105 960 1146 an.
975 1083 1077 1163 1431.)
1086 1086 1179 1146 Dedit
1189 1086 1444 1162 Praeceptorinm
1453 1102 1519 1144 sau
1533 1082 1615 1142 Tra-

369 1189 488 1244 ctatum
505 1183 541 1244 de
556 1183 657 1245 decem
663 1185 839 1262 praeceptis
853 1216 869 1228 -
882 1183 1055 1262 Myrmecia
1061 1185 1229 1242 ¹Bonorum
1244 1201 1298 1242 seu
1312 1183 1560 1242 Formicorinm
1575 1182 1614 1240 ad

368 1283 546 1358 exemplum
560 1283 733 1360 sapientiae
748 1284 784 1342 de
798 1281 941 1342 formicis
957 1314 974 1328 -
991 1282 1238 1342 Consolatorinm
1259 1283 1428 1344 timoratae
1446 1281 1615 1343 censcien-

369 1381 431 1440 tiae
444 1411 465 1426 -
477 1379 693 1452 tianensis
705 1379 938 1440 10000100οἀ1-
949 1379 987 1440 de
1000 1381 1225 1456 reformatione
1237 1380 1465 1455 Relipiosoram
1478 1379 1541 1438 lib.
1561 1379 1580 1437 1
1595 1410 1611 1422 -

369 1477 531 1538 Sermones
548 1479 642 1537 totins
654 1479 744 1548 anni,
760 1477 797 1537 de
811 1484 958 1556 tempore,
973 1476 1011 1538 de
1023 1477 1147 1538 Sanctis
1160 1484 1190 1538 et
1203 1477 1502 1554 qnadrapesimaies.

430 1576 462 1636 S.
484 1574 709 1638 Banasansnus
728 1577 879 1637 Suuunsts
898 1575 955 1657 (11.
969 1595 996 1636 a.
1019 1574 1122 1656 1438).
1151 1577 1251 1654 Opera
1271 1576 1339 1636 eius
1355 1580 1431 1637 sunt
1454 1574 1610 1642 Quadra·

369 1675 516 1750 pesimaie
544 1673 582 1734 de
611 1675 772 1750 Reiipione
806 1674 986 1734 Christiana
1007 1707 1024 1718 -
1050 1673 1326 1749 Quadrapesimaie
1356 1674 1394 1733 de
1423 1673 1610 1750 Eeanpelic

370 1765 534 1834 aeterna·
555 1765 745 1836 ridoentaiia
765 1773 839 1846 dno,
862 1791 958 1832 unum
978 1771 1016 1830 de
1036 1773 1285 1832 nitachristiana
1299 1771 1331 1832 in
1346 1789 1407 1848 quo
1423 1771 1610 1832 doctedis·

353 1871 490 1962 'saritur
511 1873 547 1931 de
569 1876 640 1934 octo
662 1871 897 1944 beatudinibus,
920 1871 1056 1931 alierum
1078 1871 1114 1930 de
1134 1870 1394 1947 inspirationibus
1414 1903 1431 1916 -
1456 1869 1611 1934 Quadra-

369 1971 518 2045 perimale
540 1970 577 2031 de
594 1988 708 2049 pnpna
727 1970 864 2048 spiritaii
882 2003 900 2014 -
924 1968 1418 2046 QeeadrapesimaieSerapiticnm
1440 1985 1610 2044 nuncupa-

314 2105 317 2111 ·
371 2071 439 2127 tum
461 2069 483 2128 i.
505 2087 533 2127 a.
557 2069 594 2127 de
617 2088 722 2130 amore
743 2101 760 2114 -
781 2069 945 2128 Sermones
963 2067 1002 2128 de
1023 2074 1160 2144 qnatncr
1179 2067 1350 2126 normannis
1363 2067 1531 2127 et25'alii
1546 2082 1610 2124 ser·

346 2156 348 2160 ’
370 2182 474 2224 mones
495 2165 574 2226 dieti
596 2167 853 2228 entraordinarii.
879 2165 1016 2242 Scripsit
1036 2169 1200 2243 praetcrea
1224 2165 1407 2224 Tractatum
1425 2164 1462 2224 de
1482 2165 1607 2240 confes-

370 2263 454 2322 sione
472 2294 493 2330 ,-
514 2264 561 2322 De
582 2265 700 2340 speculo
718 2270 918 2341 peccatoram
939 2295 956 2310 -
977 2265 1020 2322 De
1037 2265 1211 2341 praeceptis
1233 2263 1372 2338 Repaiae
1398 2262 1568 2336 Minorem
1590 2291 1605 2306 ·

255 2427 258 2436 ,
340 2367 343 2372 ’
372 2361 410 2420 de
436 2361 607 2438 mancepiis
634 2362 783 2437 Relipiosi
801 2395 819 2406 -
840 2362 1015 2438 Epictetum
1042 2361 1085 2420 ad
1110 2364 1229 2437 fratres
1254 2361 1399 2436 familiae
1423 2364 1605 2420 ultramon-

372 2464 467 2530 tanae
486 2491 503 2504 -
525 2458 562 2518 de
582 2459 824 2535 aspirationibus
843 2459 1034 2535 quotidianis
1061 2458 1105 2518 ad
1124 2460 1222 2519 Deam
1243 2489 1260 2504 -
1283 2459 1449 2534 Dmiopam
1473 2458 1510 2518 de
1525 2458 1603 2517 vode·

1550 329 1561 342 Ο

1571 393 1578 408 0

1597 422 1610 436 Ι

372 2556 491 2616 aientia
506 2589 523 2604 -
536 2557 698 2618 Sermones
719 2559 754 2640 da
777 2556 898 2616 Christo
919 2558 1064 2630 Domino,
1086 2559 1122 2616 da
1142 2557 1359 2633 anpastisn'mo
1380 2557 1604 2616 Enciuars'stiae
1688 2621 1689 2636 χ

370 2653 567 2714 Sacranae
585 2657 714 2731 Virpine
732 2655 876 2732 deipara,
899 2655 936 2714 de
956 2663 1101 2732 tempere,
1125 2655 1161 2715 de
1180 2655 1304 2714 Sanctis
1324 2686 1341 2700 ·
1363 2654 1601 2714 Commentario

372 2752 406 2808 in
426 2752 645 2831 Apocalypsin
665 2756 704 2812 B.
727 2754 814 2813 Ioan.
838 2755 965 2829 Evanp.
988 2753 1066 2812 Eius
1095 2771 1189 2830 opera
1209 2753 1294 2812 edita
1316 2757 1390 2837 sunt
1409 2755 1521 2816 Venet.
1544 2769 1597 2811 an.

374 2848 465 2922 1591,
487 2867 601 2911 rursus
624 2871 706 2912 anno
728 2851 807 2913 1636
827 2851 959 2912 Parisiis
981 2851 1012 2910 in
1034 2855 1074 2915 V.
1096 2853 1133 2910 Τ.
1156 2852 1190 2926 in
1210 2849 1267 2910 iol.
1289 2868 1326 2910 ac
1348 2852 1597 2922 100100111οη0-

372 2946 427 3006 tiis
449 2967 500 3008 an.
524 2949 612 3009 1745.
638 2950 671 3009 in
691 2951 728 3012 V.
751 2953 787 3009 Τ.
811 2949 844 3008 in
865 2949 921 3008 foi.
1198 3023 1201 3027 .
1436 2972 1438 2976 ·
1688 3023 1689 3039 ἵ

432 3048 627 3111 Fnsnersous
648 3049 831 3111 Znnnnuuun
852 3050 946 3111 Csau.
969 3051 1073 3111 Aruas
1091 3050 1188 3110 Fron.
1211 3047 1292 3128 (nat.
1322 3040 1364 3107 as
1380 3043 1483 3123 1339).
1503 3045 1598 3106 Dedit
1689 3079 1692 3124 4

373 3145 490 3206 Comm.
510 3146 543 3206 in
563 3149 734 3208 Decretaies
754 3152 787 3208 et
815 3150 849 3206 in
872 3149 1079 3208 Clementinas
1110 3148 1195 3207 edita
1216 3145 1366 3210 ¹Venetiis
1388 3165 1438 3206 an.
1464 3145 1595 3206 1602111

373 3240 429 3300 icl.
456 3273 469 3290 ·
495 3243 678 3306 Tractatum
700 3246 737 3306 de
758 3247 841 3306 haris
859 3247 1014 3305 canonicis
1034 3279 1050 3290 -
1072 3247 1139 3304 Lib.
1163 3245 1200 3304 de
1219 3245 1379 3304 sairr'smate
1405 3244 1460 3320 qui
1492 3244 1598 3320 prohi-

373 3338 459 3398 bitus
489 3345 539 3401 cst
569 3345 664 3402 donee
695 3347 890 3419 expurgetur
912 3376 928 3388 -
956 3343 1063 3402 Alium
1095 3345 1213 3402 Comm.
1245 3343 1279 3399 in
1313 3343 1520 3410 Clementinas
1549 3343 1596 3400 ed.

373 3437 485 3496 Venet.
506 3441 557 3498 anss
584 3441 671 3500 1481.
695 3441 783 3501 1487.
806 3440 839 3499 in
860 3439 916 3499 iol.
940 3474 957 3486 -
980 3441 1116 3500 Consilia
1135 3440 1217 3500 Inris
1230 3439 1306 3499 edit.
1322 3443 1433 3502 Venet.
1448 3459 1487 3500 an
1505 3441 1595 3502 1581.

374 3534 407 3591 iu
429 3535 484 3595 fol.
516 3540 549 3596 et
580 3538 743 3597 variarum
773 3540 877 3614 iepnm
892 3540 1106 3623 repetitiones,
1138 3556 1216 3614 quae
1236 3537 1421 3614 prodierunt
1442 3538 1475 3597 in
1496 3539 1597 3598 iucem

375 3636 485 3696 Venet.
508 3635 586 3697 1587
608 3637 640 3695 in
662 3636 716 3698 fol.

434 3739 586 3798 Iosuruus
601 3739 656 3798 Er.
675 3739 990 3819 Mnunonnnsts(fl.e
1006 3737 1106 3819 1440).
1121 3739 1278 3800 Exarevit
1296 3741 1522 3817 responsionem
1537 3755 1596 3818 pro

376 3834 512 3895 Concilio
541 3837 681 3898 Floreat,
715 3837 757 3898 ad
787 3839 901 3898 libram
930 3837 1033 3897 Marci
1052 3839 1180 3916 Ephesii
1200 3838 1438 3898 calumniatoris
1458 3839 1596 3910 eiusdem

336 3985 338 3989 .
373 3933 518 3995 Consilii.
637 3973 639 3978 -

437 4033 467 4092 S.
490 4034 600 4096 Ionas.
625 4052 663 4094 nu
684 4035 882 4097 cnnrsrnsno
902 4037 980 4097 Onu.
1004 4035 1082 4096 Mus.
1099 4035 1179 4116 (nat.
1195 4054 1224 4095 a.
1242 4033 1330 4096 1385.
1346 4037 1366 4112 †
1383 4031 1596 4112 limpiditatis
1618 4042 1621 4049 '

379 4129 560 4191 Tractatum
582 4131 622 4199 de
640 4133 825 4192 anctoritate
845 4133 954 4212 Papae
974 4140 1003 4192 et
1025 4134 1155 4193 Consilii
1176 4163 1193 4177 -
1216 4132 1253 4192 de
1280 4131 1435 4208 dipnitate
1462 4134 1597 4194 ecciesia-

373 4230 479 4289 stioa-
491 4229 528 4288 ae
548 4230 749 4288 matrimonio
771 4262 787 4276 -
809 4229 847 4290 ele
867 4233 1149 4292 encomnnicatione
1168 4263 1186 4276 -·
1206 4231 1244 4291 oie
1257 4247 1375 4290 canone
1382 4231 1597 4308 poenitentiali

377 4360 395 4374 -
417 4327 455 4388 de
470 4328 581 4406 paenis
601 4329 722 4403 inferni
749 4335 778 4386 et
801 4331 986 4404 pnrpatorii
1005 4363 1022 4376 -
1043 4329 1081 4389 de
1104 4330 1267 4407 Sapientia
1289 4331 1405 4390 Christi
1426 4363 1443 4378 -
1464 4330 1501 4390 de
1517 4347 1597 4408 pan·

263 4485 268 4490 .
372 4433 497 4501 portate
531 4427 647 4487 Christi
668 4457 685 4470 -
712 4425 877 4502 Speculum
908 4427 1115 4487 Conscientiae
1134 4459 1152 4472 -
1173 4427 1339 4504 Speculum
1362 4429 1552 4488 Ciericeram
1579 4459 1594 4473 -

375 4523 604 4598 Ι0010000010νο
628 4523 725 4585 Tertii
747 4521 820 4582 Cret.
844 4541 865 4581 a
884 4524 917 4584 S.
937 4526 1104 4586 Francisco
1122 4527 1258 4589 instituti
1273 4560 1291 4574 -
1304 4527 1460 4604 Epistolas
1479 4527 1594 4589 varias.
