3404 5360
103 396 295 458 Bibliotheca
321 397 488 460 dmnutioa
515 397 669 458 bonarum
698 398 830 470 mian,
860 415 897 460 aa
916 397 1098 460 auditonis
1118 397 1324 460 autumem

100 497 172 554 ussit
191 497 346 557 insu-iacta
360 504 397 557 at
424 503 548 574 aperta·
569 495 646 558 ldea
673 498 785 573 maqni
813 497 870 558 Dei
895 503 1005 563 centra
1024 496 1210 558 atheiunurn
1235 497 1325 558 huus

100 595 191 666 aeon·
210 596 422 671 Antiquitates
433 619 436 626 ⁴
447 593 696 656 aerumnosum.

160 693 263 756 Virus
285 690 422 756 Pronnsn
442 693 473 754 S.
490 695 516 754 Ι.
532 694 569 774 (i
587 691 913 773 rusticanarum
931 691 1128 770 Theolapiam
1141 695 1324 773 polemicam

99 791 134 849 in
150 805 213 867 quc
228 793 389 869 generalia
399 791 574 870 theologiae
590 793 758 870 polemicae
780 794 952 854 traduntur
971 791 1175 854 fundamenta
1189 798 1221 854 et
1237 794 1325 872 prin·

100 889 185 965 eipia
197 907 214 949 e
225 890 340 966 quibus
356 890 510 962 infideles,
525 889 678 950 haeretici
692 893 725 951 et
739 890 867 952 senarii
881 889 1042 951 manifesti
1055 891 1174 952 erroris
1196 891 1325 952 convin-

100 990 242 1061 cuntur,
273 992 307 1048 et
336 989 489 1055 materiae
509 989 720 1065 particulares
741 1005 812 1050 curn
833 988 1060 1049 recentioribus
1092 990 1323 1050 haereticorum

102 1085 200 1145 sectis
222 1090 445 1146 controversae
466 1090 500 1145 et
519 1086 558 1146 eb
579 1085 722 1148 Ecclesia
742 1085 901 1148 catholica
920 1089 1031 1146 contra
1050 1089 1172 1148 eosdem
1199 1088 1323 1149 decime

99 1187 351 1260 pertractentur.
373 1185 429 1244 Ed.
445 1187 496 1244 est
508 1184 645 1262 August.
658 1183 752 1246 Vind.
769 1183 856 1246 1752.
871 1185 901 1246 2.
917 1184 988 1245 Vol.
1002 1185 1036 1244 in
1046 1185 1076 1244 4.
1089 1185 1183 1246 Dedit
1195 1186 1324 1263 insuper

97 1281 149 1340 hu
180 1284 366 1342 canonicum
385 1279 552 1342 seeundum
572 1283 604 1342 5.
627 1281 834 1344 discretalium
853 1281 961 1342 Libius
984 1281 1129 1360 Greporii
1148 1283 1258 1361 Papae
1277 1283 1328 1344 IX

98 1381 303 1458 adplicatum.
333 1381 497 1441 Accedunt
518 1385 644 1458 praeter
665 1381 834 1442 secundum
858 1385 983 1456 tomum,
1007 1381 1040 1442 in
1060 1399 1121 1459 que
1149 1382 1323 1443 decisiones

100 1495 246 1551 casuum,
268 1481 307 1540 ed
321 1477 463 1558 singulos
477 1479 681 1542 deomtelium
695 1475 819 1553 titulos,
834 1479 1048 1556 explicantur,
1063 1479 1159 1540 utiles
1173 1481 1321 1557 quaedam

99 1579 322 1640 annotationes
343 1597 380 1639 cc
401 1578 572 1650 vindiciae,
587 1579 669 1654 quod
683 1592 760 1655 opus
775 1595 853 1638 curs
871 1582 905 1638 et
925 1577 1030 1640 studio
1045 1579 1081 1639 F.
1098 1579 1136 1638 Α.
1154 1577 1324 1640 Zaccoriae

98 1677 219 1738 editum
241 1681 293 1737 ost
310 1676 422 1737 Venot.
446 1680 479 1737 et
499 1676 625 1737 Pisauri
648 1673 726 1736 1758
745 1673 776 1736 2.
798 1675 868 1737 Vol.
889 1676 921 1735 in
943 1674 1000 1735 iol.
1019 1679 1052 1736 et
1073 1677 1217 1754 Epitome
1244 1679 1324 1738 iuris

100 1776 245 1834 wuonici
264 1776 358 1833 iunia
377 1774 513 1836 decreta.

157 1874 307 1934 umnam
330 1873 502 1934 Bannnnrur
515 1872 658 1953 (Petrus,
673 1867 897 1951 Hieronymus)
910 1869 1017 1951 (1750)
1028 1870 1232 1949 scripserunt
1244 1891 1323 1952 opus

101 1969 135 2032 de
156 1971 191 2030 ei
209 1978 242 2031 et
259 1972 383 2031 ratione
399 1972 558 2050 pantanus
576 1971 615 2030 R.
639 1970 801 2049 Pontifices
819 2001 840 2018 ··
860 1969 935 2032 item
956 1969 993 2030 de
1014 1975 1166 2048 potentatu
1191 1971 1326 2033 accim

98 2071 179 2129 stica
198 2071 289 2129 Rom.
313 2071 502 2149 Pontificum
523 2077 552 2130 et
570 2069 769 2130 conciliarum
788 2069 986 2145 peneralinrn
1003 2067 1149 2130 adoneus
1167 2069 1322 2130 lentinum

97 2157 290 2227 Febr-uniunt
310 2199 328 2215 ·
349 2168 524 2230 Ediderunt
551 2167 715 2229 deumne
733 2167 768 2228 S.
800 2168 936 2228 Zenonis
969 2167 1148 2228 Veronensis
1166 2170 1323 2250 Episcopi,

97 2266 131 2326 S.
155 2267 311 2326 Antonini
331 2273 361 2328 et
380 2265 562 2346 manendi
581 2265 620 2328 de
639 2266 828 2342 Parnason,
854 2265 1049 2343 nonnanes
1067 2284 1214 2340 summu,
1237 2285 1325 2346 pree

100 2366 285 2443 claramque
306 2383 434 2443 operum
454 2366 486 2426 S.
508 2365 622 2427 Leonis
643 2364 752 2442 Magni
772 2365 940 2427 editionem
963 2365 1168 2440 adornarunt,
1192 2365 1323 2445 donique

102 2463 242 2541 optimos
263 2467 423 2526 tractatus
445 2465 481 2524 de
501 2464 646 2524 doctmne
667 2463 826 2524 catholica
840 2463 927 2525 urae
940 2481 1053 2524 usuras
1070 2469 1321 2542 composuerunt.

99 2562 293 2628 -Quamvis
324 2579 400 2624 vero
429 2563 606 2624 eruditione
636 2562 777 2641 insignes
802 2560 885 2634 sint,
906 2563 938 2622 in
960 2561 1056 2624 theol.
1079 2566 1184 2624 tamen
1211 2561 1322 2626 morali

100 2661 232 2724 avitiis
254 2662 341 2722 illius
364 2662 486 2722 sacculi
506 2679 568 2722 non
589 2665 664 2722 sunt
684 2661 848 2722 immunes.

161 2764 344 2850 Lunovruus
363 2763 535 2824 Musarum
555 2760 593 2841 (τ
626 2759 727 2842 1750).
751 2761 810 2824 Vir
839 2777 970 2839 magnae
990 2763 1234 2823 eruditionis·ec
1261 2762 1324 2824 ioe-

100 2862 197 2922 cundi
218 2861 349 2939 ingenii.
371 2862 458 2922 Inter
478 2861 546 2921 cius
569 2877 664 2937 opera
685 2860 824 2923 eminent
842 2879 879 2921 ea
899 2877 978 2936 quae
991 2861 1099 2922 titulis
1121 2861 1322 2938 sequentibus
1371 2871 1372 2878 ’
1413 2943 1415 2948 Δ

100 2960 254 3021 distincta
267 2965 352 3022 sunt:
368 2957 527 3022 Anecdata
547 2977 626 3036 quae
646 2977 686 3019 ee
706 2960 930 3020 Ambrosianae
949 2961 1154 3021 Bibliothecae
1172 2959 1325 3021 codicibus

98 3076 184 3120 nuno
200 3054 342 3136 pdrnurn
362 3060 455 3132 eruit,
476 3059 557 3118 notis
568 3065 598 3118 et
610 3056 869 3134 disquisitionibus
883 3065 979 3134 aupet
991 3059 1028 3118 L.
1043 3061 1084 3119 A.
1099 3059 1322 3118 Muratarius·

99 3157 328 3232 Proiepornena
357 3158 391 3216 in
415 3158 512 3218 Lucii
538 3155 709 3216 Granderrn
737 3156 971 3218 elucidationem
998 3156 1157 3218 bacinum
1184 3157 1324 3235 aupusti-
1363 3161 1370 3176 ”
1445 3195 1447 3202 ·

99 3257 216 3316 nianae
235 3263 346 3316 contra
365 3256 542 3316 lanaeum
561 3286 583 3299 -
606 3255 764 3317 Anecdota
783 3273 900 3332 praeca
920 3273 998 3333 qnae
1026 3273 1065 3316 ea
1083 3273 1152 3316 mss.
1173 3255 1324 3317 acaunus

102 3370 184 3414 nnnc
196 3355 342 3431 pannum
355 3356 449 3427 eruit,
463 3354 555 3413 Latio
570 3352 680 3427 donn,
700 3353 783 3414 notis
802 3362 832 3415 et
846 3354 1106 3432 disquisitionibus
1118 3363 1213 3432 uuqet
1226 3358 1263 3418 L.
1275 3357 1319 3424 Α.

101 3451 262 3512 Muratori
273 3485 293 3498 -
306 3453 457 3514 Lamindi
468 3453 610 3512 Pritanii
625 3453 663 3526 de
675 3454 873 3530 inpeniorum
885 3455 1096 3516 moderatione
1109 3457 1143 3515 in
1163 3458 1324 3532 relipionis
1433 3521 1436 3527 ,

99 3551 235 3627 nequae,
256 3552 310 3610 nbi
329 3569 408 3629 quae
426 3553 512 3624 iura,
527 3567 607 3628 quae
624 3555 741 3628 fraena
759 3555 822 3612 sint
841 3554 960 3614 hernini
977 3555 1146 3614 christiano
1165 3555 1200 3612 in
1219 3555 1325 3631 inqui·

98 3649 201 3710 renda
221 3656 251 3709 et
270 3649 425 3710 tradenda
444 3649 575 3710 veritate
594 3651 779 3724 ostenditur,
792 3660 821 3713 et
841 3653 873 3712 S.
889 3653 1084 3728 Aupustinus
1101 3649 1282 3712 uindicatur
1301 3669 1322 3713 a

99 3748 266 3826 multiplici
284 3765 414 3808 censura
434 3749 558 3810 Ioannis
571 3749 745 3827 Phereponi
755 3750 895 3829 (loannes
908 3751 934 3810 le
949 3747 1061 3827 Olera)
1075 3779 1092 3793 -
1105 3749 1224 3810 Rerum
1236 3751 1321 3812 itali-

99 3865 211 3906 carum
230 3847 392 3924 scriptores
420 3847 459 3907 ab
491 3864 573 3908 anna
603 3863 697 3907 aerae
714 3849 901 3908 christianae
930 3847 1171 3924 quinpentesirno
1191 3849 1236 3909 aei
1254 3853 1324 3913 init·

99 3946 239 4006 iasinnuon
259 3947 535 4021 qainqentioinun
550 3977 567 3991 ·
582 3946 792 4022 Antiquitates
811 3947 935 4007 italicae
953 3945 1049 4008 medii
1067 3949 1151 4023 aeri,
1172 3951 1234 4011 uve
1254 3953 1322 4012 llis-

99 4044 281 4105 sertationes
311 4044 348 4104 de
367 4045 502 4104 moribus
520 4044 619 4104 italici
635 4045 745 4122 populi
764 4045 802 4106 ab
822 4046 1021 4106 inclinatione
1046 4051 1172 4109 romani
1198 4049 1322 4128 imperii

99 4157 195 4219 usque
214 4141 258 4202 ad
278 4159 397 4202 annum
419 4143 519 4202 1500.
543 4175 560 4188 ·
580 4143 623 4202 De
644 4141 799 4203 Paradisa
811 4145 963 4221 requique
977 4143 1110 4206 caelatis
1121 4147 1236 4223 pluria,
1257 4161 1320 4206 non

100 4247 265 4317 eupeetata
290 4255 453 4317 corporum
479 4241 712 4312 resurrectione,
732 4241 821 4300 iustis
849 4261 870 4302 a
897 4244 959 4303 Dea
988 4245 1112 4316 coliata·
1134 4246 1215 4320 quod
1243 4259 1320 4321 opus

101 4337 254 4398 refutatio
268 4344 318 4399 est
331 4339 467 4406 Thomas
481 4338 599 4400 Burnet
614 4371 631 4384 -
645 4337 748 4400 Novus
762 4340 922 4401 thesaurus
935 4347 1072 4402 ueterum
1085 4342 1321 4419 insnnptiunum

99 4438 133 4495 in
149 4438 328 4516 praecipuis
355 4437 534 4498 earumdem
560 4438 781 4499 seductionibus
809 4439 955 4500 hactenus
978 4440 1280 4518 praetermissurum.
1302 4469 1321 4487 -

99 4537 238 4597 Annales
256 4535 367 4598 Italiae
386 4537 425 4596 ab
445 4535 534 4596 initio
554 4551 647 4598 aerae
667 4537 750 4613 nula.
772 4537 930 4614 usquead
948 4555 1001 4597 an.
1025 4537 1124 4598 1500.
1140 4567 1157 4582 -
1171 4537 1319 4616 laiherpia
