3404 5360
160 430 334 494 Gnoncrm
346 391 598 496 'Tnermunrinc
615 431 664 513 (ii.
679 335 826 519 fficio).
842 437 974 496 Praeter
987 435 1087 496 mulin
1100 453 1178 512 quae
1191 453 1208 496 e
1223 451 1337 514 graeco

99 540 144 598 in
166 525 304 590 latinum
325 531 438 603 vertit,
458 549 495 590 ec
515 535 642 608 praeter
667 532 910 594 Rethoricorum
930 534 999 596 Lib.
1022 533 1051 594 5.
1073 533 1204 611 reliquit
1230 533 1337 610 aliqua

99 624 323 703 scripleinter
341 647 420 705 queo
435 635 641 716 recensentur
654 629 692 690 cle
703 633 895 708 prooemiare
909 633 1048 711 Spiritui
1059 633 1170 694 Sancti
1189 633 1255 693 Irib.
1266 649 1337 692 con·

101 731 155 784 tra
177 726 311 788 Graecae
329 759 351 775 -
371 729 536 806 Eapceilio
556 728 589 787 in
610 727 689 789 iliud
712 749 729 784 «
752 730 780 790 ci
801 731 874 791 noio
903 751 973 793 eum
1001 749 1127 792 munere
1147 733 1210 793 etc.
1234 755 1250 788 »
1273 749 1336 808 que

96 822 232 900 probare
249 824 367 886 nititur
383 827 419 887 S.
443 827 591 887 Ioannem
620 827 756 888 nondum
783 827 911 902 obiisse,
933 833 966 890 et
988 830 1056 889 Lib.
1082 829 1120 890 de
1147 825 1335 909 etiemayna

95 923 130 980 et
150 919 190 980 de
208 923 339 982 rei-itate
358 923 433 1002 fidei
451 925 650 985 christianae.
1250 925 1253 932 ’

155 1021 253 1082 Gran.
285 1022 458 1085 Euaimon
487 1021 534 1103 (ii.
555 1041 584 1084 e.
609 1020 702 1102 1440)
723 1023 863 1102 Scripsit
899 1024 1084 1086 Tractatum
1115 1025 1152 1086 de
1184 1025 1329 1086 Sacram.

101 1117 320 1180 Euchariuiae
340 1151 358 1166 -
379 1121 447 1180 Lib.
470 1119 508 1181 de
527 1120 582 1197 Sp.
594 1121 993 1182 SanctocontraMarcum
1015 1123 1208 1200 Epleeinum
1222 1124 1334 1184 elium·

100 1218 312 1292 queciusdem
324 1220 503 1297 argumenti
518 1220 671 1280 adversus
685 1219 844 1281 Aleeeium
860 1220 1014 1281 Leccarin
1030 1221 1331 1298 Philanthropinum

97 1346 114 1358 -
137 1314 285 1375 Defendit
305 1315 468 1378 Platonem
490 1321 601 1377 conire
622 1316 857 1378 erielotelicum
878 1317 1052 1396 Georgium
1076 1319 1272 1396 Trapezuni.
1299 1319 1332 1378 in

97 1413 198 1472 Libro
217 1420 329 1472 contra
359 1415 619 1476 calumniatorem
650 1415 794 1474 Platonis
819 1416 874 1474 lib.
899 1416 953 1476 IV:
977 1417 1114 1476 Tandem
1144 1415 1185 1476 ab
1205 1409 1243 1475 ea
1261 1433 1334 1493 pro-

97 1510 184 1582 diere
205 1512 370 1588 Rapouio
391 1511 436 1571 ad
455 1519 591 1589 quatuor
605 1519 797 1587 arpumenta
820 1513 959 1573 Maaimi
978 1511 1134 1573 Planudic
1157 1513 1194 1574 de
1211 1529 1332 1590 procae

94 1606 179 1667 sicne
200 1607 338 1684 Spiritus
357 1609 469 1670 Sancti
488 1627 528 1670 ea
546 1611 609 1669 eolo
630 1611 730 1670 Patre
744 1617 803 1671 -et
824 1611 968 1688 Epistola
988 1613 1141 1672 catholica
1160 1612 1222 1672 eice
1240 1629 1332 1688 pene·

96 1706 175 1763 ralis
202 1705 246 1765 ad
266 1724 380 1781 omnes,
401 1711 456 1784 qui
471 1707 536 1769 eecli
557 1707 922 1786 (tamtantinopolitanae
948 1710 1084 1768 subeunt.

158 1801 321 1867 Nicomus
343 1823 383 1866 nn
403 1807 579 1869 Tunrecurs
609 1807 685 1868 Aen.
716 1808 834 1868 Brunn.
855 1806 892 1887 (†
914 1825 963 1866 an.
997 1803 1087 1884 1443)
1110 1805 1218 1867 Edidit
1241 1808 1333 1866 Oani-

100 1909 197 1961 ment.
220 1903 255 1960 in
276 1887 612 1964 Libros'Deoraalium
633 1935 650 1950 -
673 1903 810 1964 Gennadia
831 1935 849 1949 -
873 1903 1067 1968 mammona
1088 1935 1105 1950 -
1127 1891 1287 1965 Praeticu.

159 2002 193 2060 S.
215 2002 403 2065 Aurcnruus
434 2003 489 2061 ΕΡ.
523 2002 684 2062 Fnonnur.
714 2001 794 2081 (nei.
827 2020 876 2061 an.
912 2001 1000 2060 1389.
1036 2002 1058 2076 †
1090 1999 1194 2080 1459.)
1218 2000 1266 2060 Ab
1295 2019 1331 2060 eo

98 2097 243 2175 prodiere
273 2095 449 2175 Thmlapia'
470 2101 602 2177 myctica
627 2131 648 2146 -
674 2099 807 2160 Summa
838 2099 1019 2174 Ticalopica
1051 2095 1083 2156 in
1111 2101 1246 2174 quatuor
1274 2097 1333 2159 tri-

98 2195 178 2255 bute
197 2201 306 2273 paries
327 2229 345 2244 -
368 2198 460 2258 [siber
480 2196 518 2258 de
539 2196 712 2257 emediticne
733 2197 951 2274 confessorum
976 2213 1031 2256 ceu
1051 2196 1184 2258 Summa
1205 2195 1333 2274 Confer·

96 2295 235 2357 aemma.

158 2393 255 2454 Ocno.
279 2393 440 2456 Niconeus
460 2393 603 2456 cusanus
622 2391 703 2475 (nei.
728 2411 779 2453 nn.
804 2391 895 2473 1401)
912 2395 1014 2471 Opere
1034 2391 1103 2454 eius
1117 2396 1193 2453 suni
1212 2391 1334 2454 decan-

82 2489 267 2552 ·ccrdantia
292 2491 446 2552 minorica
472 2491 562 2551 Libri
579 2493 625 2562 3,·
658 2491 823 2552 iiactatun
851 2491 890 2553 de
920 2492 1108 2552 auctoritate
1127 2491 1330 2569 praesidendi

97 2591 133 2649 in
155 2587 293 2648 <tonan
322 2589 475 2665 pmcrali·
506 2588 544 2649 cle
573 2589 664 2650 docta
684 2591 868 2666 ipnorantia
888 2591 940 2650 lib.
963 2593 1010 2663 3,·
1037 2591 1193 2667 Apolopia
1222 2590 1329 2652 doctae

96 2688 314 2763 ipncrantiaa
334 2687 373 2748 de
391 2689 573 2748 coniecturis
592 2689 644 2747 lib.
666 2691 703 2760 2‚·
725 2689 763 2749 ile
781 2690 934 2768 filiatione
954 2689 1010 2749 Dei
1030 2688 1331 2762 Lib.1;devieicne
1363 2768 1366 2773 .

97 2787 154 2846 Dei
174 2787 226 2846 lit.
252 2787 285 2859 1,·
305 2786 343 2846 de
364 2785 436 2845 ludo
456 2787 539 2862 plebi
559 2787 610 2845 lib.
626 2788 663 2859 2,·
678 2786 716 2846 de
734 2789 868 2863 fortuna
890 2788 940 2846 lid.
967 2789 1000 2860 1;
1015 2786 1172 2848 direrectio
1186 2789 1330 2861 unitam·

98 2884 137 2944 de
153 2885 313 2961 principio
332 2902 440 2945 rerum
460 2887 613 2957 omnium;
635 2884 779 2960 clialopue
801 2885 838 2945 de
858 2885 996 2963 Bargala·
1018 2885 1055 2944 cle
1075 2884 1149 2945 clato
1163 2887 1273 2944 Patris
1285 2886 1331 2944 lu-

97 2983 234 3054 minum;
256 2981 293 3042 de
313 2983 491 3059 quaerendo
513 2985 621 3043 Deum:
645 2982 683 3042 de
703 2984 864 3042 uenatione
883 2983 1065 3059 sapientiam
1080 2982 1117 3041 ale
1130 2983 1217 3059 apice
1234 2983 1329 3042 Theo-

97 3082 179 3151 riae;
201 3079 239 3139 de
259 3081 320 3139 Dec
342 3081 532 3151 abscondita·
552 3081 591 3140 cle
612 3081 857 3139 annunciatione
876 3081 944 3138 Lib.
973 3082 1007 3151 1,·
1029 3081 1253 3138 recitationum
1274 3080 1326 3139 lib.

101 3179 158 3250 10,·
180 3177 218 3238 de
238 3181 427 3255 aequalitate
447 3179 497 3238 lib.
523 3180 567 3250 1,·
601 3179 817 3255 Epistolarum
846 3178 896 3236 lib.
928 3179 970 3249 1;
992 3175 1029 3236 cle
1051 3193 1130 3253 pace
1159 3177 1246 3256 fidei,
1276 3177 1326 3238 lib.

103 3278 137 3348 1,·
161 3277 396 3336 cribraticnum
417 3278 587 3336 Alchorani
617 3277 668 3336 lib.
692 3279 725 3348 1;
745 3276 783 3336 cle
800 3277 960 3336 ncruuma
976 3275 1025 3334 die
1040 3275 1089 3334 lib.
1109 3277 1142 3348 1;
1157 3277 1329 3353 Reparatic

100 3375 293 3447 kalendaria
316 3375 580 3453 Complemeulum
601 3376 814 3450 theotonicum,
836 3381 869 3436 ei
890 3376 954 3436 alia
974 3393 1068 3453 opere
1095 3375 1325 3452 philosophice.

161 3473 332 3535 Dinursrus
352 3475 595 3536 Oinrnuemuus
613 3474 693 3554 (net.
714 3493 743 3534 e.
768 3471 870 3554 1403).
890 3475 1076 3552 Appellatus
1087 3473 1205 3534 Docior
1226 3477 1328 3534 aeste-

102 3571 202 3644 ticuS‚
226 3571 356 3648 scripsit
376 3571 408 3630 in
430 3589 536 3633 omnes
558 3572 656 3630 libros
678 3573 863 3649 scripturae
884 3573 1010 3632 divinae
1030 3575 1068 3634 V.
1081 3574 1167 3631 Tem.
1183 3572 1216 3628 in
1238 3571 1326 3644 foli03

102 3669 338 3731 Commentario
358 3671 392 3729 in
414 3677 551 3746 quatuor
570 3669 678 3728 Libros
696 3671 835 3732 Sentent.
857 3671 992 3730 libellum
1014 3667 1051 3728 ale
1071 3675 1208 3744 quatuor
1232 3670 1330 3727 nocis-

97 3771 184 3830 amu
211 3772 305 3829 caute
325 3770 490 3848 legendum
512 3771 640 3845 propter
660 3769 766 3844 eliqua
786 3770 889 3828 minus
911 3771 1022 3828 exacte
1041 3766 1127 3825 dicte
1148 3765 1235 3825 circa
1264 3770 1328 3826 etu-

100 3874 168 3929 tum
189 3869 364 3930 animarum
386 3869 418 3928 in
441 3867 644 3944 Purgelori03
665 3866 702 3926 de
730 3874 798 3926 ente
817 3873 847 3926 ct
868 3867 1006 3938 ementia3
1039 3863 1077 3924 cle
1102 3864 1328 3941 reformatione

97 3967 328 4040 claustralium·
349 3967 525 4042 Epistulam
547 3964 590 4023 acl
609 3965 772 4041 Principes
795 3965 958 4024 catholicos
977 3995 998 4009 -
1018 3961 1174 4024 Medullas
1200 3979 1327 4041 operum

97 4066 130 4124 S.
159 4065 296 4124 Thomae
315 4095 332 4110 -
354 4065 610 4141 Supplementum
630 4062 779 4123 Summae
799 4079 838 4122 ea
857 4063 970 4139 scripto
992 4061 1125 4122 eiusdem
1138 4063 1171 4122 S.
1192 4061 1328 4121 Tiamaa

97 4180 191 4242 super
211 4162 230 4221 1
234 4164 268 4222 V.
290 4162 428 4222 Sentent.

160 4259 326 4322 Gramine
348 4261 546 4321 sanccimus
576 4257 622 4340 (fl.
646 4277 674 4319 e.
701 4257 792 4338 1452)
822 4259 979 4319 Exarevit
1009 4259 1170 4319 Orationes
1191 4262 1327 4332 quatuor

99 4357 143 4416 ad
163 4356 327 4436 Synodum
347 4357 564 4418 Florentinum
584 4389 602 4403 -
626 4358 855 4433 Confeseiancm
875 4354 932 4417 seu'
958 4355 1250 4417 sermocinationem
1270 4355 1326 4413 lta·

99 4457 200 4516 litam
222 4471 292 4514 cum
313 4455 448 4514 Sultauc
468 4455 643 4516 Madamete
662 4455 699 4514 II
721 4455 758 4515 ale
771 4462 857 4516 recta
872 4462 901 4515 et
911 4455 1074 4532 inculpata
1086 4453 1326 4512 christianorum

100 4553 176 4631 fida·
197 4553 351 4613 Libellum
371 4552 410 4612 de
430 4554 574 4613 articulis
595 4552 670 4632 fidei
689 4554 728 4613 ad
745 4555 886 4613 eumdem
909 4553 1126 4624 Mehomelem3
1141 4549 1330 4645 'Euporilio-
