3466 5362
427 381 696 481 'TEXTUS
729 383 965 480 GRAECI

548 603 861 676 russurrensi

593 997 792 1060 NOTANDA

20 1150 1352 1180 ---.-.--..-....-.......-.........

25 1281 127 1353 'vaide
143 1311 273 1356 accurata
289 1309 326 1366 (in
340 1311 519 1369 polyglottis).

11 1499 12 1502 ,
36 1457 134 1504 Plures
149 1458 278 1506 editiones
293 1461 362 1508 hanc
376 1464 533 1508 consecutae
549 1465 619 1509 sunt.

33 1601 104 1644 Fere
121 1599 197 1648 iuxta
212 1603 330 1660 primam
345 1603 453 1650 Erasmi
467 1603 619 1650 editionem.
634 1606 721 1652 solius
737 1609 826 1653 textus
840 1607 933 1666 praeci
948 1609 1066 1656 omnium
1080 1611 1121 1656 est
1136 1611 1236 1668 prima.

20 1718 1351 1747 --·-—-——-—-————--———--·„-·—-——-

25 1765 89 1894 3llx
103 1798 220 1844 editione
234 1799 341 1846 Erasini
355 1802 381 1848 et
396 1802 583 1858 complutensi.

34 1905 166 1962 Princeps
180 1905 263 1951 editio
276 1907 363 1964 Regia
379 1907 453 1954 dicta
467 1919 527 1954 cum
543 1909 716 1956 variantibus
732 1910 758 1956 in
772 1907 905 1970 margine.

25 2058 117 2193 {Fere
134 2068 212 2115 iuxta
227 2071 405 2136 recensionem
420 2071 548 2136 Theodori
563 2075 643 2118 Besae
658 2073 776 2119 denevae
791 2073 892 2120 editam
903 2075 963 2120 1565.
978 2075 1066 2124 liditio
1078 2076 1258 2138 ltlzeviriana,
1273 2086 1342 2132 quae

48 2123 141 2168 textus
156 2125 279 2181 receptus
294 2126 379 2181 audit,
395 2127 468 2183 typis
482 2138 614 2184 impressa
630 2137 672 2172 an.
689 2129 748 2172 1633.

37 2293 122 2408 luerint¹
135 2294 253 2420 recensio
274 2297 314 2340 ³⁸⁶.
335 2295 460 2342 editionis
481 2297 593 2343 Roberti
615 2298 743 2356 stephani
764 2309 824 2345 cum
845 2299 969 2357 pluribus
993 2300 1166 2348 variantibus
1191 2301 1237 2357 (ln
1258 2299 1341 2356 Poly-

40 2374 88 2420 go
117 2375 148 2410 1s.

33 2484 163 2529 Recensio
178 2486 217 2530 3⁴.
233 2485 358 2532 editionis
373 2487 484 2532 lidberti
500 2487 636 2544 Stephani,
655 2486 756 2552 additis
778 2489 847 2540 locis
868 2489 1021 2546 parallelis,
1036 2487 1209 2538 variantibus
1233 2489 1259 2534 et
1281 2473 1340 2534 ver'·

33 2555 163 2602 sionibus:
178 2569 244 2615 opus
257 2559 429 2604 elaboratum
444 2557 532 2615 spatio
548 2559 663 2614 triginta
679 2571 818 2606 annorum.
919 2565 920 2570 ’

33 2676 109 2720 Nove
130 2675 247 2722 recensio
269 2687 300 2720 er
321 2676 464 2728 collatione
484 2676 627 2722 lectionum
649 2677 674 2721 in
698 2687 748 2722 usu
767 2688 845 2734 penes
866 2679 963 2724 Patres
983 2677 1134 2734 Ecclesiae,
1161 2678 1229 2724 unde
1251 2677 1341 2722 textus

34 2746 104 2791 nulii
120 2747 289 2804 praecedenti
304 2747 416 2793 editioni
432 2749 583 2804 respondet,
599 2748 643 2794 sed
657 2749 737 2805 plane
752 2751 792 2794 est
807 2749 964 2805 singularis.

76 2847 153 2892 Baete
174 2849 214 2892 est
236 2848 325 2891 textus
346 2850 468 2904 receptus
490 2859 520 2892 ex
536 2847 706 2893 iilzeviriana
722 2847 822 2893 additis
847 2848 1017 2894 variantibus
1043 2846 1202 2895 lectionibus
1221 2857 1252 2893 ex
1271 2849 1340 2900 Mas„

11 2949 12 2972 ξ
33 2901 207 2964 editionibus,
222 2900 391 2962 versionibus
406 2911 437 2962 ac
452 2904 563 2946 Patrum
578 2901 688 2956 scriptis
703 2902 876 2998 undequaque
895 2903 1036 2960 congestis.
1052 2903 1130 2949 Addit
1151 2901 1340 2949 adnotationes

11 2977 12 3016 l
36 2956 166 3012 indigeste
181 2955 315 3000 coniectas
330 2965 357 2998 in
372 2955 468 3010 quibus
484 2965 533 2998 non
549 2965 647 3010 parum
662 2957 812 3000 socinianis
839 2957 910 3000 avet.

38 3053 163 3098 Recensio
190 3053 314 3099 editionis
342 3053 542 3110 Eizevirlanae‚
564 3039 663 3099 additis
693 3053 777 3110 signis
801 3065 851 3110 pro
882 3055 1055 3102 variantibus
1086 3055 1261 3112 undequaque
1286 3051 1340 3098 col·

39 3127 123 3172 lectis.

30 3207 344 3221 ,μ

42 3249 111 3290 llaec
133 3243 302 3300 praecedenti
326 3245 462 3300 praestat:
486 3243 608 3288 volumen
629 3241 747 3298 primum
768 3243 903 3288 continens
930 3247 1047 3301 quatuor
1072 3219 1222 3301 Evangelia
1250 3240 1339 3298 magis
1420 3289 1422 3292 ,

41 3315 153 3376 perfecit
169 3315 252 3361 David
267 3316 357 3362 schulz
371 3313 488 3360 Berolini
503 3316 563 3359 1827.

38 3421 295 3498 i3rincipiaflcritica
319 3434 415 3491 quibus
441 3433 538 3478 nititur
572 3435 629 3478 tum
658 3444 674 3480 a
697 3432 839 3480 catholicis
864 3434 930 3488 tum,
950 3445 966 3480 a
990 3432 1214 3492 protestantibus
1248 3440 1339 3487 repre·

40 3511 122 3554 hensa
139 3507 210 3552 sunt.
866 3527 868 3532 -

42 3661 165 3707 Recensio
180 3661 257 3708 iuxta
272 3663 400 3708 lectiones
414 3663 441 3708 in
456 3673 506 3707 usu
521 3674 599 3720 penes
614 3664 708 3708 Patres
723 3662 825 3709 saeculi
839 3663 883 3706 111.
898 3663 925 3707 et
940 3663 983 3710 IV.

39 3852 130 3897 ticana
145 3852 261 3908 itemque
277 3851 447 3897 Eizeviriana
464 3851 576 3896 lectione
590 3853 686 3896 notata
700 3866 714 3890 »
728 3851 833 3907 Lipsiae
849 3851 908 3894 1865.
930 3851 982 3894 lloc
997 3859 1065 3905 opus
1087 3848 1254 3894 examinavit
1269 3849 1339 3894 lose-

11 3903 201 3970 -ph-u-s-corza
216 3905 361 3951 monachus
376 3904 528 3950 Basilianus
542 3907 568 3948 et
584 3915 634 3948 uon
649 3915 736 3962 pauca
754 3903 933 3962 reprehendit.

43 4167 251 4224 vcompleetens
266 4165 366 4233 Novum
380 4163 449 4212 uest.
474 4165 642 4212 Postremum
664 4162 791 4210 volumen
814 4164 893 4210 notas
909 4161 1022 4208 criticas
1036 4162 1067 4208 et
1083 4162 1250 4220 apparatum
1270 4157 1343 4208 exhi-

46 4238 117 4296 bens,
133 4239 182 4286 auh
199 4237 275 4296 prelo
289 4235 338 4284 est.
428 4261 430 4266 ·
