3404 5360
643 353 681 370 ..
703 323 743 382 63
765 355 802 370 ..

113 429 145 486 in
174 427 385 489 Matthaeum.
408 461 425 474 -
447 427 552 489 Iudico
575 427 694 499 Cerco,
722 425 785 486 fuit
816 427 869 486 vir
897 429 1039 489 doctrine
1067 445 1103 490 eo
1133 430 1330 504 eruditione,

108 529 300 604 praesertim
320 524 523 607 Theologica‚
545 527 681 605 insignis
697 559 713 573 -
730 526 840 604 Stylus
862 527 894 586 in
914 527 1023 588 multis
1037 531 1087 588 ost
1107 529 1328 592 scholasticus.

106 627 212 704 Opera
231 627 299 688 cius
319 629 404 688 edita
428 630 502 688 sunt
523 626 627 688 Paris.
652 624 739 684 1712.
761 628 791 688 2.
815 627 877 685 vol.
901 625 957 686 iol.
979 629 1012 686 et
1033 631 1143 690 Venet.
1168 628 1255 690 1748.

168 727 202 786 S.
227 728 416 788 Bustricius
437 724 490 786 Er.
511 726 597 787 Moo.
618 723 657 806 (f.
680 743 708 784 a.
731 722 814 802 754).
837 725 884 784 Ex
899 725 1029 802 scriptis
1044 726 1110 786 eius
1126 729 1258 786 aetatem
1280 731 1329 788 tu·

105 823 219 884 ierunt
239 825 397 904 Epistolae
419 825 495 884 112.
520 855 536 869 -
558 821 772 882 iuramentum
793 839 853 898 quo
872 839 902 881 se
926 823 1075 898 Greporio
1089 825 1128 884 ΙΙ.
1151 825 1260 904 Papae
1274 825 1331 886 aol-

104 923 250 982 strinosit.
273 956 290 969 -
311 923 470 983 Sermones
491 923 546 982 15.
563 954 580 967 -
602 919 672 981 Vita
693 927 722 981 et
735 919 929 999 Martyrium
942 921 975 980 8.
992 922 1105 982 Larini
1118 923 1180 1000 Ep.
1196 922 1241 982 Μ.
1260 957 1277 970 -
1291 924 1329 984 L.

107 1020 144 1080 de
164 1022 367 1082 Paenitentia
384 1025 601 1098 srapmentum
622 1053 639 1066 -
661 1021 852 1095 Aenipmata
872 1019 909 1080 de
931 1021 1096 1080 uirtutibus
1114 1021 1157 1081 ad
1187 1022 1331 1082 Sororem

109 1151 124 1164 -
140 1119 416 1180 Habenturetism
430 1121 645 1196 Eoccerptoee
660 1117 813 1189 Consiliis,
829 1136 907 1194 quae
922 1118 978 1176 sub
989 1119 1057 1196 ipso
1072 1120 1230 1180 celebrate
1244 1123 1329 1180 sunt.

174 1218 320 1280 Erectus
340 1217 500 1280 decumus
519 1215 556 1297 (f.
573 1235 601 1277 o.
625 1213 709 1294 755).
730 1217 905 1295 Supersunt
924 1215 984 1280 232
1005 1217 1148 1295 epistolae
1166 1237 1236 1278 cum
1257 1237 1334 1296 qua·

108 1321 184 1373 tuor
205 1317 405 1391 fracmentis.
428 1317 591 1376 Orusouts
612 1332 687 1374 vero
705 1314 773 1373 eius
787 1315 965 1377 Exsosrrcs
985 1319 1060 1376 sunt
1073 1315 1333 1392 interropationes

108 1421 137 1473 et
157 1415 367 1490 responsiones
387 1415 420 1472 in
444 1412 585 1474 Genesim
606 1445 623 1458 -
645 1411 850 1472 Enchim'dion
870 1431 921 1474 seu
941 1415 1087 1491 copositio
1103 1415 1161 1491 pia
1182 1433 1218 1475 ac
1238 1415 1334 1476 brevis

107 1513 142 1570 in
163 1513 307 1572 Psalmos
331 1512 569 1572 Paenitentiales
588 1543 605 1556 -
626 1511 660 1569 in
680 1511 732 1569 Ps.
758 1511 824 1570 118
844 1518 873 1571 et
888 1511 1061 1572 madualis
1075 1543 1092 1558 -
1109 1513 1332 1590 Compendium

106 1611 141 1668 in
165 1611 286 1670 Contio.
310 1611 466 1671 Canticor.
490 1643 507 1656 ·
530 1611 764 1670 Commentario
789 1627 881 1688 super
909 1610 1114 1670 Ecclesiasten
1135 1643 1152 1656 ·
1178 1610 1334 1690 Interpre-

109 1709 245 1769 tationes
264 1711 425 1768 nominum
444 1709 669 1770 Hebraicorum
698 1709 941 1783 Proponitorum
961 1709 997 1768 D.
1020 1707 1065 1768 Ν.
1085 1707 1151 1770 Iesu
1179 1709 1295 1769 Christi
1315 1743 1332 1756 -

112 1806 285 1867 Comment.
309 1809 344 1865 in
365 1807 398 1866 S.
416 1807 543 1866 Ioannis
562 1807 773 1882 Evanpelium
786 1839 804 1850 -
822 1807 987 1866 Tractatio
1007 1824 1100 1884 super
1119 1814 1179 1866 tres
1191 1807 1225 1867 S.
1240 1807 1337 1867 Pauli

110 1905 153 1964 ad
178 1905 295 1978 Titum,
318 1905 361 1965 od
381 1906 596 1966 Philemonem
617 1912 647 1966 et
667 1903 709 1964 ad
728 1905 884 1966 Hebraeos
904 1905 1045 1982 epistolas
1067 1938 1083 1951 -
1109 1906 1334 1966 Commentatio

109 2006 209 2066 brems
228 2007 261 2064 in
282 2005 435 2082 quasdam
454 2005 487 2066 S.
508 2005 605 2064 Pauli
622 2006 789 2065 sententias
809 2037 826 2050 ·
849 2003 1151 2064 Commentariorum
1167 2004 1202 2061 in
1214 2007 1334 2082 Apoca-

112 2103 223 2181 lypsim
243 2105 333 2163 Libri
351 2107 374 2162 5
396 2137 412 2150 -
435 2105 596 2166 Orusouss
618 2105 804 2164 Doorsrms
819 2107 894 2162 sunt
914 2135 931 2147 -
954 2103 996 2163 De
1015 2101 1077 2182 fide
1091 2102 1224 2162 Sanctae
1246 2110 1275 2162 et
1288 2104 1336 2162 in-

115 2201 259 2262 dividuae
284 2203 446 2262 Trinitatis
466 2201 510 2260 od
527 2203 696 2277 plor-iesum
715 2201 828 2280 Imper.
854 2201 1002 2261 Carolum
1025 2202 1180 2277 Mapnum
1205 2201 1293 2261 Libri
1312 2205 1334 2262 3

117 2332 133 2344 -
154 2301 287 2360 Libellus
307 2301 346 2362 de
361 2302 552 2379 processione
566 2300 703 2378 Spiritus
716 2301 826 2361 Sancti
845 2300 889 2359 ad
902 2299 1043 2361 eumdem
1058 2300 1213 2377 -Scripta
1226 2307 1335 2360 contra

115 2398 245 2459 Felicem
270 2399 497 2476 Urpellitanum
517 2407 547 2461 et
563 2397 759 2478 Elipandnm
777 2399 968 2459 Toletanum.
990 2401 1094 2474 Orsus
1113 2400 1289 2460 L1ruroros
1302 2403 1335 2460 et

114 2514 252 2561 uorum
271 2507 476 2559 recensentur
496 2533 513 2544 -
533 2500 577 2560 De
599 2500 796 2559 Psalmorum
814 2516 873 2557 usu
892 2499 980 2570 liber,
997 2515 1068 2556 cum
1084 2498 1179 2557 uariis
1191 2499 1337 2574 formulis

113 2596 157 2656 ad
176 2615 225 2658 res
235 2597 435 2674 quotidianas
445 2597 650 2658 accomodatis
671 2631 688 2644 -
713 2597 821 2678 Officia
836 2615 896 2675 per
907 2597 1079 2674 serias‚seu
1093 2597 1214 2657 Psalmi
1232 2616 1337 2658 secun-
1394 2617 1397 2624 ’

112 2695 188 2756 dum
203 2693 266 2756 dies
280 2696 490 2758 hebdomadae
503 2697 652 2774 sinpulos,
667 2697 776 2774 quibus
791 2697 836 2755 in»
846 2697 985 2757 Ecclesia
995 2702 1166 2756 cantantur
1187 2696 1335 2775 dispositi,

112 2814 183 2856 cum
215 2797 417 2868 orationibus,
446 2797 579 2875 hymnis,
610 2795 847 2872 confessionibus
876 2803 906 2855 et
932 2797 1050 2855 litaniis
1073 2828 1090 2842 -
1113 2796 1155 2856 De
1183 2797 1338 2874 Baptismi

113 2897 316 2958 caeremoniis
335 2895 427 2954 Liber
446 2929 464 2940 -
484 2897 528 2955 De
547 2895 712 2954 virtutibus
731 2901 761 2954 et
780 2895 862 2954 uitir's
880 2895 973 2954 Liber
987 2927 1005 2940 -
1021 2894 1058 2954 de
1072 2895 1196 2955 animae
1216 2897 1338 2955 ratione

113 2995 206 3054 Liber
230 2994 274 3054 ad
293 2995 457 3054 Eulaliam
480 2995 642 3070 Virpinem
657 2994 732 3052 -De
748 2993 1153 3071 Confessionepeccatorum
1174 2993 1339 3071 adpueros
1370 3019 1372 3024 ·

116 3091 148 3150 S.
173 3093 310 3152 Martini
329 3127 347 3138 -
369 3095 473 3154 Orsen
497 3107 719 3153 secretiores
742 3095 818 3150 sunt
841 3091 913 3151 Vita
926 3091 958 3150 8.
972 3090 1108 3150 Martini
1125 3091 1306 3151 Turonensis
1319 3125 1337 3138 -

121 3190 189 3249 Vita
210 3191 244 3250 S.
270 3191 395 3251 Vedasti
415 3191 518 3268 Episc·
541 3189 751 3250 Atrebatensis
770 3222 787 3234 -
814 3190 885 3248 Vita
904 3191 944 3248 B.
959 3188 1113 3248 Richardi
1128 3189 1305 3269 Presbyteri
1318 3222 1335 3235 ·

122 3289 191 3348 Vita
209 3291 242 3349 S.
267 3289 464 3348 Willibrardi
488 3287 602 3348 Traiet.
625 3289 782 3366 Episcopi.
805 3321 821 3334 ·
843 3289 985 3350 Gesturi
1001 3321 1017 3334 -
1036 3287 1147 3350 Preces
1165 3296 1336 3350 noeturnae
1360 3345 1363 3351 .

114 3420 135 3432 -
153 3387 369 3467 inscriptiones
389 3389 481 3448 Sacri
502 3387 621 3448 Codicis
641 3419 657 3434 -
680 3389 837 3447 Historiae
855 3389 963 3446 cariae
990 3388 1053 3447 Vet.
1077 3395 1106 3448 et
1128 3385 1208 3449 Nori
1236 3388 1338 3449 Testa-

113 3490 211 3548 menti
232 3520 249 3532 -
278 3487 494 3564 Inscriptiones
521 3488 628 3547 euriae
654 3487 858 3558 ecclesiarum,
880 3487 1044 3560 altarium,
1065 3489 1296 3564 sepulchrorum
1317 3521 1334 3534 -

111 3587 354 3648 Adhortationes
372 3605 425 3648 seu
444 3604 547 3646 uersus
566 3585 698 3646 morales
721 3618 732 3632 ·
754 3584 970 3662 inscriptiones
987 3587 1147 3644 variorum
1168 3587 1302 3646 locorum
1317 3619 1334 3633 -

109 3687 226 3747 ‘Versus
246 3686 288 3747 ad
307 3687 410 3746 varios
430 3717 447 3730 -
469 3685 653 3762 Epitaphia,
669 3685 915 3766 Epiprammata
934 3691 964 3744 et
982 3685 1173 3760 Aenipmoto
1185 3717 1206 3731 -
1218 3686 1357 3758 Poema

111 3784 150 3845 de
172 3785 374 3864 Pontificibus
392 3791 422 3843 et
440 3784 563 3843 Sanctis
582 3784 782 3845 Eboracensis
800 3783 954 3844 Ecclesiae
973 3817 991 3828 -
1011 3785 1115 3846 Orsus
1136 3802 1336 3848 niosscsmos

112 3888 189 3944 sunt
210 3885 255 3944 De
274 3884 500 3960 orthopraphia
521 3883 557 3942 L.
582 3915 599 3929 -
620 3884 769 3958 Dialopus
788 3881 826 3942 de
844 3882 998 3942 rethorica
1018 3888 1047 3942 et
1070 3883 1235 3944 uirtutibus
1255 3915 1272 3930 -
1293 3886 1336 3944 De

113 3983 275 4052 dialectica
297 3983 333 4041 L.
355 4015 372 4028 -
396 3981 504 4058 Pipiui
527 3981 642 4056 repolis
668 3989 698 4041 et
721 3981 899 4041 nobilissimi
926 3981 1043 4041 invenis
1065 3982 1242 4061 Disputatto
1266 4000 1335 4042 cnm
1428 4037 1430 4046 ,

113 4082 227 4141 Albino
246 4081 420 4141 scholastico
435 4113 452 4126 ·
471 4081 515 4140 De
528 4098 620 4140 cursu
635 4086 664 4138 et
677 4083 760 4140 saltu
781 4081 873 4140 lunae
887 4097 924 4140 ac
936 4080 1074 4139 bissexto.
1092 4111 1109 4127 ·
1124 4082 1228 4142 Orsus
1242 4097 1336 4142 nuris

113 4183 202 4252 sunt,
224 4179 333 4239 Albini
354 4179 509 4256 Confessio
522 4178 597 4258 fidei
611 4211 627 4224 ·
638 4179 813 4256 Disputatio
820 4196 992 4256 puerorum
1001 4196 1062 4257 per
1080 4179 1337 4254 interropationes

112 4286 142 4339 et
162 4279 371 4356 responsiones
391 4311 408 4323 -
430 4278 659 4354 Propositiones
677 4277 803 4337 Alcuini
822 4279 960 4338 Doctoris
973 4277 1016 4338 ad
1034 4277 1185 4338 acuendos
1203 4277 1333 4336 iuvenes.

113 4377 222 4437 Edidit
244 4377 367 4439 Forben
388 4375 554 4437 Retisbon.
578 4395 628 4436 nn.
654 4376 740 4436 1777.
761 4378 790 4437 2.
815 4376 878 4435 vol.
901 4377 934 4436 in
955 4377 1012 4438 fol.

172 4477 203 4536 S.
220 4479 384 4538 Petimus
397 4475 452 4534 Er.
470 4475 690 4545 herrisiensis
702 4471 788 4555 (780)
803 4475 940 4552 Scripsit
955 4475 1088 4537 libellum
1096 4473 1336 4553 tetrasyllabum

115 4573 152 4654 de
173 4575 252 4634 Sma
276 4573 429 4634 Trinitate
449 4572 594 4632 adversus
614 4571 810 4650 Elipandnm
834 4573 1014 4637 Toletanum
1035 4605 1052 4620 ·
1074 4575 1181 4634 Libros
1201 4579 1262 4633 tres
1281 4572 1336 4632 ad
