3444 5358
430 362 631 422 Ssrunnrnus
651 358 693 440 (a.
719 355 798 436 120).
833 359 948 419 Docuit
970 361 1119 420 mundum
1149 359 1250 420 fuisse
1273 362 1415 420 creatum
1437 379 1456 419 a
1478 362 1597 437 septem

369 459 514 536 Angelis,
535 459 698 520 Christum
721 457 884 517 umbratili
906 458 938 517 in
970 476 1063 517 carne
1094 457 1291 536 apparuisse,
1314 445 1430 518 nubere
1452 463 1484 518 et
1505 477 1596 536 gene·

372 574 444 616 rare
464 574 532 616 esse
554 575 572 616 a
593 557 721 628 Satana,
744 572 831 615 esum
853 555 1035 615 animalium
1059 555 1220 616 illicitum.
1279 621 1284 628 ,

431 655 582 716 Gnosrrcr
603 659 635 714 et
656 657 803 716 Dauaran
822 652 866 733 (a.
890 651 970 734 130).
992 653 1139 714 Gnostici
1154 673 1173 714 a
1187 653 1332 727 scientia,
1358 655 1598 732 Carpocratiani

370 772 389 812 a
409 753 599 828 Carpocrate
619 751 834 812 Alexandrino
855 752 947 822 dicti,
968 755 1151 812 statuerunt
1164 753 1374 830 Theogoniam
1389 753 1598 814 Saturnianae

370 850 404 908 in
425 849 535 908 multis
557 849 705 920 similem,
728 849 885 910 diversam
907 851 1009 925 quoad
1031 850 1166 926 primum
1188 852 1287 911 Deum
1317 852 1449 911 Barbclo
1480 869 1600 910 nuncu·

369 951 478 1024 patum
499 951 532 1006 et
553 948 688 1006 alterum
709 947 864 1007 Subbuoth
885 947 964 1006 coeli
987 948 1114 1025 septimi
1136 948 1272 1008 incolam
1302 949 1470 1024 mundique
1493 947 1600 1007 condi-

370 1049 481 1116 torem,
503 1044 666 1104 Christum
688 1045 845 1106 hominem
866 1063 980 1122 purum
1002 1049 1035 1106 et
1057 1063 1151 1105 carne
1172 1049 1297 1106 tantum
1318 1050 1490 1124 apparente
1509 1047 1600 1106 indu-

370 1145 439 1201 tum
461 1143 604 1201 docuere:
637 1144 713 1202 duas
746 1143 778 1202 in
810 1143 934 1202 homine
965 1143 1099 1216 animas,
1122 1144 1235 1204 bonam
1256 1145 1388 1204 alteram
1420 1149 1452 1204 et
1474 1145 1599 1204 ratione

369 1239 558 1316 praeditam,
581 1240 714 1298 alteram
735 1241 847 1300 malam
867 1245 899 1301 et
920 1241 1053 1300 rationis
1075 1247 1254 1318 expertema
1271 1245 1449 1307 earumdem
1470 1248 1598 1304 metem-

372 1337 567 1414 psychosim,
589 1339 695 1398 carnis
717 1340 981 1400 resurrectionem
993 1343 1026 1398 et
1035 1339 1187 1400 iudicium
1209 1341 1340 1401 nullum<
1355 1342 1478 1402 licitam
1499 1361 1518 1402 a
1539 1341 1599 1400 fide

372 1433 590 1509 deiectionem,
613 1437 825 1523 idololatriam
846 1455 1026 1513 omnemque
1047 1439 1225 1498 libidinem:
1243 1442 1418 1500 aversanda
1434 1439 1553 1500 ieiunia
1567 1444 1600 1499 et

371 1533 621 1609 procreationem
641 1535 787 1611 prolium:
812 1554 849 1594 ne
871 1535 946 1610 quid
967 1536 1067 1596 dicam
1095 1538 1131 1596 de
1158 1536 1302 1596 nefandis
1334 1538 1511 1614 mysteriis.
1537 1538 1597 1596 Do-

373 1634 468 1690 cetae.
483 1650 558 1692 vero
582 1633 779 1694 affirmabant
799 1633 961 1694 Christum
982 1652 1043 1692 non
1073 1652 1142 1694 csse
1167 1635 1330 1713 hominem
1358 1637 1528 1696 secundum
1553 1638 1600 1696 rei

374 1731 553 1791 veritatem.
1442 1744 1445 1752 ’

433 1835 598 1896 Bas1n1nas
618 1832 660 1912 (a.
687 1829 767 1910 133).
794 1832 948 1894 Palmaria
964 1833 1032 1892 eius
1047 1850 1138 1892 error
1152 1831 1227 1908 init,
1243 1833 1405 1893 Christum
1421 1851 1484 1892 non
1498 1833 1598 1894 fuisse

373 1930 573 2003 crucifixum,
596 1933 649 1990 scd
682 1933 838 1992 Simonem
868 1933 1074 2008 Cyrenaeum,
1096 1933 1151 2008 qui
1173 1933 1359 2010 angariatus
1391 1934 1524 1993 Crucem
1547 1950 1598 1992 su-

373 2029 478 2101 stulit,
502 2031 581 2089 unde
603 2049 658 2088 nec
680 2031 713 2088 in
734 2029 930 2088 crucifixum
953 2031 1151 2102 credendum,
1165 2049 1220 2088 nec
1236 2033 1394 2108 martyres
1416 2034 1526 2106 utpote
1546 2029 1599 2090 Ci-

373 2146 486 2188 renaeo
507 2133 631 2188 tantum
654 2129 787 2200 similae,
811 2129 1008 2188 honorandos
1030 2129 1148 2188 docuit.

432 2229 638 2288 Vsusnrrnus
657 2245 697 2287 nn
718 2225 1005 2306 Vannnrrurau1(a.
1023 2224 1104 2304 140).
1120 2227 1183 2287 Suo
1198 2227 1233 2285 de
1247 2227 1406 2286 Aeonibus
1422 2227 1598 2302 horumque

373 2326 557 2406 genealogia
577 2324 757 2404 systemati,
780 2342 819 2383 ex
843 2325 984 2384 Platonis
1000 2325 1092 2396 ideis,
1108 2325 1288 2402 Theogonia
1302 2325 1431 2385 Hesiodi
1446 2328 1479 2384 et
1493 2324 1600 2384 Evan-

374 2425 456 2504 gelio
477 2426 508 2484 S.
533 2423 658 2483 Ioannis
680 2423 860 2499 compilato,
884 2423 1071 2482 addiderunt
1092 2440 1216 2482 errores
1239 2424 1274 2480 de
1297 2424 1361 2482 Deo
1382 2439 1547 2499 corporeo,
1565 2423 1601 2482 de

374 2540 508 2599 corpore
524 2521 645 2582 Christi
667 2520 809 2592 caelesti,
833 2521 868 2578 de
889 2520 1027 2578 eiusdem
1050 2520 1221 2579 nativitate
1243 2537 1325 2578 mere
1349 2520 1548 2592 transitoria,
1566 2521 1601 2578 de

374 2621 497 2698 triplici
512 2637 625 2697 genere
636 2618 794 2678 hominum
807 2619 1096 2690 Pneumaticorum,
1112 2617 1341 2695 Psychicorum
1352 2623 1384 2678 et
1398 2618 1599 2690 Choicorum,

375 2722 471 2794 deque
492 2735 658 2794 corporum
680 2717 914 2792 resurgentium
935 2717 1174 2792 spiritualitate.

434 2816 608 2888 secururs,
631 2817 821 2886 Errruanns,
844 2817 1062 2876 Protarchus.
1092 2815 1317 2874 Gnosticorum
1346 2819 1523 2874 commenta
1546 2832 1602 2874 suo

375 2914 507 2991 quisque
527 2915 616 2972 modo
638 2913 849 2972 tradiderunt.

435 3013 538 3074 Carano
561 3010 609 3092 (a.
627 3009 708 3090 141).
731 3013 799 3072 Duo
814 3029 919 3070 rerum
934 3011 1092 3089 principia
1107 3011 1294 3072 admittebat
1309 3015 1450 3084 aeterna,
1468 3011 1603 3070 alterum

375 3111 489 3167 bonum
511 3112 543 3167 et
564 3111 684 3168 Christi
706 3115 840 3186 patrem,
863 3111 979 3169 malum
1000 3111 1134 3169 alterum
1155 3115 1188 3169 et
1208 3109 1302 3186 Legis
1318 3127 1354 3168 ac
1369 3108 1601 3186 prophetarum

375 3210 550 3279 auctorem,
573 3207 696 3268 Christi
719 3225 794 3268 vero
815 3206 1063 3266 incarnationem
1086 3208 1231 3284 negabat.
1256 3227 1257 3230 ¹

435 3304 720 3384 Manc10nrras(a.
746 3303 826 3383 144).
847 3305 1029 3380 Assumptis
1057 3305 1176 3364 duobus
1205 3304 1356 3365 Cerdonis
1384 3303 1550 3388 principiis
1572 3307 1604 3362 et

375 3400 539 3462 Valentini
570 3401 740 3473 AeonibuS,
764 3402 979 3461 adiunxerunt
1008 3402 1171 3460 Christum
1201 3401 1370 3478 duplicem,
1393 3401 1528 3460 alterum
1552 3419 1604 3477 ap·

375 3503 536 3574 parentem
559 3503 682 3559 tantum
704 3504 736 3558 et
767 3518 906 3576 passum,
930 3499 1065 3558 alterum
1088 3499 1222 3558 iudicem
1243 3499 1319 3557 olim
1342 3503 1522 3561 venturum.
1544 3498 1604 3557 Da·

374 3601 525 3658 mnarunt
546 3599 727 3676 coniugium
749 3616 784 3657 ac
807 3596 950 3657 futuram
965 3615 1133 3674 corporum
1156 3595 1422 3656 resurrectionem
1438 3613 1603 3673 negavere.

376 3696 515 3772 Denique
538 3696 637 3754 solum
659 3696 858 3773 evangelium
880 3696 983 3754 Lucae
1006 3697 1059 3754 sed
1081 3695 1276 3767 mutilatum,
1293 3694 1427 3754 caeteris
1449 3694 1601 3771 explosis,

375 3793 583 3852 admiserunt.

435 3890 576 3951 Annnnns
595 3890 637 3971 (a.
660 3889 742 3970 436).
764 3893 897 3951 Praeter
918 3908 1055 3964 errores,
1078 3907 1155 3967 quos
1182 3907 1253 3948 cum
1276 3890 1438 3949 Marcione
1467 3907 1603 3950 commu-

377 4003 431 4044 nes
462 3987 586 4060 habuit,
609 3989 709 4048 lilium
738 3989 795 4048 Dei
816 4007 833 4048 e
854 3990 940 4048 caclo
969 3991 1206 4049 descendentem
1237 4005 1362 4046 carnem
1393 3987 1453 4046 sibi
1481 4005 1603 4046 aeream

377 4085 577 4144 contexuisse
599 4088 717 4160 docuit,
733 4106 861 4163 eamque
876 4089 909 4145 in
925 4106 1058 4148 ascensu
1081 4087 1218 4164 singulis
1240 4087 1411 4147 reddidisse
1426 4087 1602 4162 elementis,

376 4185 501 4242 tandem
521 4185 704 4260 prophetias
729 4189 764 4244 nt
786 4184 884 4270 salsas
908 4186 1030 4245 reiecit.

438 4283 636 4345 Conassnsus
655 4302 695 4344 nr
717 4285 859 4344 Orurrsn
879 4283 921 4363 (a.
950 4284 1030 4364 150).
1064 4283 1226 4344 Colarbasi
1257 4283 1403 4360 proprius
1424 4299 1515 4342 error
1542 4282 1605 4342 suit

378 4375 477 4439 vitam
499 4383 635 4440 omnium
656 4383 815 4440 hominum
836 4387 868 4440 et
890 4383 1122 4460 generationem
1143 4383 1176 4440 in
1200 4387 1317 4458 septem
1351 4381 1505 4440 sideribus
1533 4399 1606 4439 con·

377 4477 500 4538 sistere.
523 4480 655 4556 Ophitae
677 4498 751 4540 vero
772 4481 933 4540 Christum
956 4481 989 4539 in
1010 4481 1165 4557 serpentis
1187 4479 1322 4557 speciem
1338 4477 1601 4538 transformatum
