3466 5362
864 190 876 224 Ι

910 357 951 374 -.
970 323 1009 384 44
1027 355 1068 372 .-

376 432 494 484 ctorum
514 425 596 484 vitae
616 424 769 502 quaedam
790 457 807 470 -
834 423 940 485 Oratio
969 421 1007 482 de
1037 423 1103 482 cito
1122 423 1156 482 S.
1191 420 1336 498 Creyorii
1361 420 1619 498 Thoumaturpi

378 557 396 568 -
420 523 490 583 Vita
509 523 541 582 S.
565 523 726 583 Moerinae
746 521 858 581 sororis
879 553 895 565 -
917 521 1059 597 Epistola
1080 520 1117 579 ele
1141 521 1280 580 euntibus
1307 519 1580 598 Hierosolymam
1602 555 1618 566 -

377 629 405 680 et
424 622 549 699 epistola
568 620 611 680 ael
630 637 745 680 sorores
764 620 965 682 Eustachium
979 626 1008 678 et
1020 619 1216 678 Ambrosiam
1230 619 1390 698 filiamque
1405 618 1616 678 Basilrssam.

376 719 464 780 Aliae
484 737 605 795 quoque
626 721 755 778 exstant
776 719 807 777 S.
830 717 976 794 Gregorii
998 718 1149 794 epistolae
1170 717 1207 778 21
1227 717 1328 776 serius
1343 716 1480 774 demum
1509 735 1621 793 reper-

362 823 438 878 tae.
460 816 580 877 Dubius
602 821 652 875 est
671 817 762 876 Liber
781 816 824 875 od
844 817 1046 876 Eustothium
1066 815 1103 876 de
1123 815 1180 875 SS.
1208 814 1372 888 Trinitate,
1386 821 1420 875 et
1437 814 1532 891 quod
1548 815 1621 892 Spi-

375 917 454 974 ritus
473 915 605 975 Sanctus
623 916 663 974 sit
681 917 760 974 Deus
780 947 797 960 -
819 916 959 992 Epistola
984 931 1055 974 cero
1083 913 1126 974 ool
1145 913 1323 989 anprinm
1352 915 1560 974 monachum
1584 915 1618 973 S.

376 1011 528 1091 Gregorio
547 1014 693 1090 Nysseno
712 1013 818 1090 potius
850 1013 1015 1072 tribuenda
1049 1012 1186 1072 videtur.
1223 1010 1394 1088 Gregorius
1436 1015 1543 1072 tanta
1566 1031 1621 1072 au-

377 1111 526 1171 ctoritaie
559 1111 702 1194 eminuit,
735 1117 772 1170 ut
792 1111 825 1170 in
856 1109 996 1170 Concilio
1025 1109 1165 1172 Nicaeno
1198 1110 1239 1168 Il.
1273 1111 1368 1168 Pater
1395 1111 1548 1171 Patrum
1579 1112 1618 1170 ab

375 1209 517 1268 omnibus
537 1209 713 1286 appellatus
736 1208 843 1269 luerit.
861 1209 916 1268 Ed.
934 1209 1037 1269 Paris.
1057 1227 1107 1268 an.
1126 1205 1203 1268 1615
1218 1239 1234 1254 -
1250 1207 1338 1270 1618.
1351 1209 1381 1269 2.
1398 1207 1480 1270 Vol.
1502 1209 1539 1267 in
1557 1207 1616 1268 fol.

377 1311 409 1365 et
429 1324 478 1367 an.
503 1306 589 1368 1638.
611 1307 641 1367 3.
663 1307 734 1370 Vol.
759 1307 792 1366 in
814 1305 873 1366 fol.

436 1405 466 1464 S.
489 1405 627 1467 Smrcrus
646 1407 685 1465 R.
707 1407 744 1466 P.
766 1405 812 1486 (fl.
836 1423 864 1464 a.
886 1402 967 1484 381).
991 1406 1054 1466 Seu
1076 1406 1126 1464 vel
1146 1411 1260 1482 septem
1282 1403 1412 1478 reliquit
1436 1405 1615 1482 epistolas,

375 1501 489 1578 quibus
510 1521 571 1560 non
593 1503 692 1563 solum
713 1503 817 1564 varios
839 1505 1002 1564 damnavit
1021 1504 1210 1575 haereticos,
1240 1519 1351 1561 verum
1381 1505 1487 1564 etiam
1511 1505 1643 1581 disci,

375 1600 491 1676 plinam
510 1601 758 1662 ecelesiasticam
779 1602 996 1662 saluberrimis
1018 1603 1153 1662 decretis
1173 1601 1380 1662 instauravit.

434 1703 464 1764 S.
487 1701 747 1783 H1suouruus(l.
770 1719 797 1761 a.
811 1700 897 1782 ¹385).
921 1703 969 1761 Ex
989 1701 1056 1760 eius
1079 1700 1224 1778 operibus
1247 1707 1416 1776 supersunt
1444 1703 1548 1762 Vitae
1570 1703 1605 1761 S.

374 1803 479 1875 Pauli,
501 1803 533 1862 S.
556 1803 728 1863 Hilarionis
747 1810 776 1863 et
795 1803 911 1863 Molehi
936 1795 1157 1863 monachorum
1179 1835 1195 1846 -
1217 1802 1355 1878 Reyulae
1376 1801 1409 1860 S.
1426 1803 1610 1862 Pachomii

374 1903 535 1963 translatio
556 1903 656 1988 latina
677 1935 693 1948 -
714 1901 931 1980 interpretatio
961 1903 1049 1963 Libri
1076 1901 1203 1979 Didymi
1222 1901 1259 1961 de
1279 1900 1402 1978 Spiritu
1433 1902 1566 1963 Sancto
1592 1935 1609 1947 -

371 2003 519 2077 Dioloyus
538 2009 647 2062 contro
666 2002 881 2077 Luciferionos
900 2036 919 2047 -
938 2003 975 2062 L.
996 2001 1033 2062 de
1048 2008 1201 2078 perpetuo
1224 1999 1412 2074 Viryinitote
1425 2003 1465 2060 B.
1485 2003 1542 2061 M.
1568 2002 1604 2060 V.

374 2131 395 2174 -,
411 2101 498 2158 Libri
517 2101 550 2158 2.
573 2099 718 2160 aduersus
736 2099 932 2160 iovinianum
954 2133 970 2146 -
990 2099 1026 2159 L.
1050 2105 1158 2160 contra
1182 2099 1386 2175 Viyihentium
1400 2131 1417 2143 -
1430 2100 1467 2158 L.
1486 2108 1609 2160 contra

372 2197 520 2257 ioannem
539 2197 739 2275 Hierosolym.
773 2231 790 2242 -
820 2199 974 2275 Apoloyio
994 2197 1138 2260 aduncus
1173 2199 1281 2258 Libros
1308 2197 1426 2275 Rufini:
1451 2231 1468 2244 ·
1493 2200 1608 2258 Dialo-

372 2314 431 2372 pus
450 2295 595 2355 adversus
616 2296 801 2370 Peloyiorms
821 2330 837 2341 -
858 2298 895 2356 L.
918 2297 956 2356 de
984 2297 1058 2355 uiris
1086 2298 1254 2356 illustribus
1274 2329 1291 2342 -
1312 2293 1349 2354 de
1369 2297 1438 2354 ritis
1459 2298 1606 2376 Aposto-

374 2397 473 2454 lorum
495 2427 511 2440 -
532 2395 673 2472 Epistola
692 2393 735 2454 orl
760 2395 950 2455 Desiderium
971 2427 988 2440 -
1009 2396 1046 2455 L.
1070 2395 1107 2454 de
1134 2397 1308 2454 nominibus
1336 2397 1486 2456 hebraicis
1511 2432 1530 2444 -
1555 2401 1595 2460 L.

372 2496 587 2556 hebraicorum
617 2495 828 2570 quaestionum
857 2495 890 2552 in
923 2494 1062 2554 Genesim
1083 2527 1100 2538 -
1132 2495 1248 2554 Comm.
1280 2495 1314 2552 in
1346 2496 1558 2559 Ecclesiasten
1584 2531 1601 2542 -

370 2595 589 2670 interpretatio
619 2594 819 2654 homiliarum
850 2593 986 2653 duorum
1022 2593 1163 2669 Oripeuis
1181 2595 1215 2651 in
1244 2593 1408 2653 Canticum
1430 2627 1446 2642 -
1469 2597 1600 2659 Graeco

318 2707 320 2711 ’
371 2679 555 2768 froymenta
575 2692 646 2751 libri
665 2693 825 2751 nemimem
840 2693 1051 2752 hebraicorum
1071 2725 1089 2736 -
1112 2691 1228 2751 Comm.
1244 2693 1277 2750 in
1291 2693 1406 2754 isoiom
1426 2696 1519 2756 Libri
1544 2696 1596 2755 ls.

374 2823 390 2834 -
413 2790 531 2850 Comm.
553 2792 586 2850 in
607 2791 770 2851 Ieremiam
789 2791 877 2851 Libri
897 2791 929 2850 6.
954 2822 971 2834 -
991 2791 1168 2851 Translotio
1183 2792 1382 2852 homiliarum
1397 2793 1428 2852 9.
1447 2795 1597 2872 Oriyenis

370 2890 404 2948 in
423 2890 550 2948 visiones
569 2889 680 2962 Isaiae,
704 2907 839 2966 quarum
859 2907 943 2950 nono
963 2891 1074 2951 mutila
1086 2897 1139 2950 est.
1163 2923 1180 2936 -
1204 2891 1434 2952 Commentario
1455 2894 1489 2951 in
1512 2897 1598 2954 Eze-

242 2995 248 3016 “
370 2989 494 3048 ehlelem
514 3021 530 3032 -
554 2987 785 3049 Commentario
805 2991 839 3047 in
869 2989 1040 3063 Danielem,
1066 2988 1240 3058 Translotio
1265 2991 1421 3074 homiliae.
1448 2993 1596 3068 Oriyenis

370 3088 404 3145 in
424 3087 586 3148 Ieremiam
607 3093 635 3147 et
655 3087 855 3148 Ezechielem.
879 3120 895 3132 -
916 3089 954 3146 In
974 3089 1224 3148 Lamentationes
1247 3089 1394 3148 ieremiae
1427 3089 1596 3150 Tractatus

373 3217 390 3228 ·
414 3184 645 3246 Commentario
658 3187 690 3243 in
700 3186 869 3263 prophetas
892 3186 972 3257 Osee,
988 3186 1108 3259 Ioelem,
1130 3187 1235 3260 Amos,
1256 3186 1391 3246 Abdiam
1412 3219 1428 3234 -
1448 3187 1561 3248 Ionam
1577 3220 1594 3233 ·

371 3314 387 3326 -
409 3283 583 3343 Michaeam
604 3317 621 3328 -
643 3281 747 3342 Naum
769 3317 785 3329 -
801 3285 959 3356 Habocuc,
982 3284 1171 3360 Sophoniam
1193 3317 1209 3331 -
1230 3285 1396 3361 Ayyoeum
1424 3318 1441 3332 ·
1462 3287 1590 3348 Zocho-

221 3387 223 3398 '
301 3376 304 3381 ’
369 3380 452 3438 riom
474 3411 490 3424 -
512 3381 703 3440 Malachiam
725 3413 741 3428 ω
771 3383 1002 3442 Commentario
1034 3384 1068 3452 in
1099 3384 1307 3460 Econpelium
1335 3383 1368 3442 S.
1386 3385 1550 3447 Matthaei
1573 3419 1589 3431 -

343 3537 344 3540 ,
376 3477 549 3537 Translatio
569 3511 586 3524 ··
606 3477 817 3539 Homiliarum
841 3479 1028 3556 Oriyenisin
1041 3481 1248 3557 Evanyelium
1269 3483 1372 3542 Luooe
1387 3515 1404 3528 -
1422 3485 1538 3547 Comm.
1556 3489 1592 3546 in

372 3573 434 3654 Ep.
450 3575 492 3635 od
507 3576 646 3638 Galatas:
668 3579 741 3638 item
755 3577 798 3638 orl
811 3580 968 3656 Ephesios,
990 3581 1023 3637 in
1045 3597 1089 3657 ep.
1112 3579 1154 3640 od
1173 3579 1287 3653 Titum,
1303 3580 1346 3640 ael
1357 3583 1587 3646 Philemonem:

374 3675 491 3734 Comm.
506 3677 541 3736 in
553 3679 683 3736 Librum
699 3678 757 3737 iob.
774 3677 994 3755 interpretatio
1011 3678 1233 3738 Chronicorum
1249 3679 1374 3740 Eusebii
1387 3683 1549 3760 Pamphili
1571 3717 1588 3730 -

373 3774 550 3835 Chronicon.
565 3776 599 3835 S.
621 3777 807 3854 Hieronymi
837 3809 854 3820 -
879 3774 988 3836 Conon
1008 3776 1168 3837 hebraicae
1190 3778 1329 3838 ueritatis
1358 3799 1409 3839 seu
1430 3783 1590 3844 continens

371 3872 478 3932 Libros
502 3873 536 3932 V.
563 3875 596 3933 T.
619 3876 712 3934 iureto
731 3874 944 3934 Hebraeorum
965 3892 1114 3936 canonem
1129 3894 1168 3936 eo
1187 3877 1259 3952 ipsis
1281 3879 1419 3952 sontibus
1439 3881 1590 3940 hebraicis

372 3971 550 4044 translatos,
581 3991 617 4032 ac
645 3974 761 4050 triplici
791 3973 899 4033 ordine
920 3963 1085 4034 distinctos.
1110 4007 1126 4019 -
1150 3974 1258 4034 Canon
1276 3973 1356 4035 Novi
1389 3977 1587 4052 Testamenti,

371 4070 571 4148 complectens
590 4073 697 4130 Libros
716 4070 756 4131 N.
793 4071 825 4133 T.
850 4091 889 4131 eee
908 4090 1020 4147 praeco
1041 4075 1224 4133 translatos.¹
1251 4075 1427 4151 Supersunt
1457 4078 1586 4154 denique

371 4168 529 4246 Epistolae
552 4167 609 4229 150
630 4171 662 4228 in
683 4175 819 4246 quatuor
840 4171 956 4230 classes
979 4172 1098 4232 divisae
1120 4173 1287 4232 secuudum
1309 4167 1447 4234 ordihem
1469 4182 1587 4254 tempo-

373 4283 442 4326 rum
463 4267 496 4326 in
516 4267 597 4326 Bibl.
621 4268 741 4346 Migne,
763 4287 895 4345 quarum
916 4270 996 4330 aliae
1018 4273 1056 4330 ad
1078 4271 1192 4331 Sacrae
1213 4271 1395 4349 Scripturas
1409 4275 1587 4352 intelligen-

372 4363 448 4422 tiam
459 4364 636 4440 conferunt,
648 4367 727 4426 aliae
740 4367 944 4444 dogmaticae,
963 4370 1012 4428 vel
1024 4370 1157 4429 morales
1173 4371 1223 4429 vel
1238 4371 1392 4432 asceticae
1408 4379 1492 4446 sunt,
1503 4374 1582 4433 aliae

372 4453 501 4538 denique
530 4465 712 4538 historicae,
743 4467 971 4527 consolatoriae
997 4471 1029 4527 et
1060 4467 1244 4528 familiares.
1265 4469 1582 4550 FuitHieronymus

372 4560 525 4622 acerrimo
546 4562 670 4641 iugenio
691 4565 864 4642 praeditus,
881 4565 1040 4642 sacrisque
1055 4565 1173 4628 litteris
1188 4568 1312 4629 assidue
1327 4569 1463 4630 vacavit.
1489 4572 1580 4630 Eum-
