3466 5362
371 335 668 434 onnruenr
699 317 1053 436 uocauere

35 599 160 646 Nicaena
182 601 312 657 professio
333 602 501 651 confirmata:
517 607 680 654 Athanasius
702 608 849 657 absolutus:
873 611 1081 668 Appellationlb.
1105 613 1139 658 ad
1161 613 1258 659 Pontii.
1273 617 1340 662 Max.

30 669 130 717 forma
145 672 322 728 praestituta.

15 719 1359 806 -——------..-....-..;.............„.„l
1431 805 1435 816 ι

28 840 143 890 viclelti
158 841 185 886 et
200 843 291 890 licssil
305 855 412 892 errores
427 848 559 896 damnati:
574 852 706 898 Martinus
720 851 841 898 Pontifex
856 852 1039 900 renunciatus:
1052 852 1172 900 schisma
1195 850 1341 896 sublatum.
1356 809 1360 932 Ι

123 941 136 962 Ι
1356 939 1359 962 1

26 992 187 1042 Concordia
203 999 374 1057 Graecorum,
390 1003 530 1050 damnatio
544 1003 699 1059 haereseon.
713 1006 852 1052 restitutio
867 1007 932 1052 disci
954 1005 1033 1058 linae,
1046 1015 1099 1062 pax
1114 1001 1342 1100 16161Ρ111161Ξὶ6161
1356 983 1360 1102 ἔ

78 1045 359 1152 {rqierrcregmffifluae
380 1056 487 1103 ruerant
508 1060 613 1115 synodo
634 1059 786 1116 commissa,
808 1060 979 1108 schismatico
994 1060 1110 1106 Petrum
1125 1056 1224 1114 spiritu
1245 1057 1273 1102 ln

11 1159 140 1172 ——.

373 1489 632 1608 ¹remiis
664 1479 1036 1590 caletulus

546 1673 862 1752 TESTAMENTI

519 2065 522 2072 ·
594 2045 793 2108 NOTANDA

41 2283 149 2328 Partim
164 2295 195 2330 ex
208 2282 351 2337 codicibus,
362 2282 465 2339 partim
474 2293 504 2328 ex
515 2282 681 2339 partialibus
695 2283 797 2329 Veteris
807 2284 970 2332 Testamenti
985 2285 1148 2336 editionibus
1158 2290 1240 2335 antea
1251 2287 1340 2336 lactis.

42 2355 168 2400 omnium
183 2355 282 2412 prima.

37 2521 75 2633 lux
97 2519 168 2635 Mea,
192 2518 309 2576 adeoque
331 2517 472 2575 propriam
494 2515 673 2562 recensionem
696 2518 897 2574 apraecedenti
920 2519 1057 2567 diversam
1071 2521 1211 2568 constituit
1231 2521 1268 2578 (ln
1288 2524 1339 2568 Po·

49 2590 140 2646 yglott
153 2590 185 2646 s).

106 2789 230 2846 sequitur
246 2787 424 2835 recensionem
438 2790 532 2833 iosuae
546 2787 704 2834 Salomonis.
721 2791 776 2835 Hae
797 2789 926 2836 editiones
941 2790 1043 2835 textum
1063 2787 1231 2843 hebraicum,
1252 2787 1340 2850 Maso·

52 2854 125 2898 rarn,
139 2844 297 2900 Targumim
313 2845 339 2888 et
363 2841 558 2906 commentaria
573 2841 759 2888 Rabbinorum
780 2843 925 2890 continent.
940 2844 1028 2890 liditio
1047 2853 1113 2889 cura
1128 2844 1151 2894 6,.
1167 2841 1216 2886 ben
1237 2841 1341 2896 chajrm

51 2899 124 2942 inter
146 2896 342 2944 Masoretlricas
362 2906 485 2958 princeps
506 2897 554 2940 est.
576 2895 710 2942 liebertus
731 2898 879 2954 stephanus
898 2897 1014 2944 Parisiis
1036 2907 1062 2943 a.
1079 2897 1178 2941 16611-44.
1200 2895 1250 2950 1¹³¹,
1271 2903 1341 2940 anno

53 2952 145 2996 1544-46
158 2952 210 2996 11...
224 2950 366 3006 Bombergi
381 2950 523 2994 editionem
538 2953 643 2995 secutus
657 2951 706 2995 est.

42 3176 169 3232 sequitur
184 3177 261 3222 modo
268 3179 485 3236 complutensem,
496 3175 573 3221 modo
583 3175 802 3234 Bombergensem
812 3176 964 3224 editionem.
975 3179 1045 3222 Haec
1053 3173 1152 3221 dicitur
1160 3173 1339 3220 Plantinlana

44 3259 62 3294 a
78 3248 206 3294 Plautino
220 3245 396 3308 rypographo
411 3249 448 3305 (in
468 3250 646 3306 polyglottis).

40 3401 169 3445 Recenset
183 3410 278 3446 rursus
293 3400 393 3446 textum
409 3401 551 3446 secundum
566 3400 712 3454 Macoram
722 3399 796 3446 addit
811 3399 979 3458 'largumlm=
991 3399 1188 3446 commentaria
1203 3397 1340 3446 Rabbino-

38 3484 112 3528 rum,
128 3473 274 3527 variantes,
290 3475 442 3522 tractatum
457 3473 488 3519 de
509 3473 673 3520 accentibus.

7 3559 10 3570 ³
37 3593 132 3638 Editio
147 3603 191 3638 an.
207 3593 257 3637 1661
273 3591 427 3648 primaint,
443 3592 469 3636 in
481 3602 534 3648 qua
550 3591 649 3649 singuli
666 3602 758 3637 versus
773 3591 892 3636 numeris
906 3593 967 3636 sunt
982 3589 1112 3636 distincti.
1128 3588 1213 3635 Alteri
1229 3599 1272 3636 an.
1289 3587 1340 3632 1667

40 3664 151 3710 additae
166 3665 227 3708 sunt
242 3665 323 3710 notae
337 3661 482 3708 hebraicae
496 3665 523 3708 et
539 3663 668 3708 lemmata
684 3662 772 3710 latina
787 3673 804 3708 a
819 3662 943 3707 Leusden.

7 3745 14 3755 ¹
96 3762 184 3806 Editio
198 3763 264 3808 baec
278 3762 352 3808 basis
365 3765 405 3807 est
420 3762 586 3814 criticorum.
596 3761 754 3806 nominatim
766 3761 913 3807 Beniamini
924 3755 1100 3807 Kennlcott'et
1111 3759 1146 3804 lo.
1158 3761 1214 3802 Ber.
1225 3757 1260 3802 De
1274 3759 1340 3800 Ros·

40 3815 73 3860 si:
89 3817 180 3870 estque
194 3827 263 3860 nova
278 3818 397 3861 recensio
411 3815 536 3860 editionis
550 3816 652 3871 iosepbi
668 3815 761 3862 Albiae
776 3825 819 3861 an.
836 3815 894 3860 1661.
904 3817 979 3862 iusta
993 3815 1062 3861 hanc
1078 3813 1120 3860 rel
1136 3811 1339 3870 praecedentem

7 3933 12 3944 .
41 3881 85 3916 an.
103 3871 155 3914 1667
169 3869 223 3914 lere
237 3880 328 3916 omnes
343 3872 506 3926 posteriores
520 3868 610 3914 tactae
625 3870 696 3913 sunt.

54 4087 110 4132 liae
123 4084 247 4132 omnibus
262 4085 407 4142 praestant
421 4085 493 4132 inter
509 4084 671 4132 recentiores
685 4083 821 4134 editiones.

75 4298 1177 4305 «ww—mam
1191 4298 1210 4301 --r
1220 4296 1224 4299 Δ
