3444 5358
652 371 688 384 -
712 337 770 401 no
784 298 830 387 ’-

585 498 768 564 snnouno
788 500 878 562 ιιιιι.

128 738 306 801 Parisiensc
326 741 453 801 damnat
473 738 655 800 Evraudum
675 733 880 798 haereticum.

123 837 283 899 Sootioum
304 839 341 900 de
361 836 583 927 observatione
603 833 795 898 Dominioae.

121 935 323 998 Narbonense
343 954 400 1016 pro
421 935 627 998 conversione
647 927 879 1012 Albigans'ium.

125 1033 305 1096 Parisiensc
324 1039 436 1097 contra
455 1051 579 1096 errores
599 1031 770 1106 amalrici,
792 1035 825 1091 et
846 1029 946 1092 libros
968 1025 1085 1090 varios.

125 1131 457 1212 Montispessulanum,
479 1133 554 1195 Oen.
575 1131 625 1193 46.
687 1210 690 1218 ,

123 1229 345 1292 Melodunense
366 1231 402 1292 de
422 1227 644 1307 iurisdictione
665 1225 905 1312 Ecclesiastico.

123 1327 322 1389 Bitunicense
343 1331 438 1408 negat
457 1327 618 1408 postulata
638 1328 675 1388 de
694 1323 889 1406 praebendis.

122 1425 296 1486 Romanum
316 1426 569 1489 excommunicat
589 1423 800 1486 Fridericum.

123 1523 357 1586 Tarraconense
378 1525 415 1586 de
435 1523 576 1586 divortio
597 1521 704 1584 Iacobi
724 1525 758 1582 et
777 1519 960 1582 Eleonorae.

122 1621 382 1699 Nymphaeanum
402 1624 440 1684 de
460 1623 605 1683 concord.
627 1622 776 1682 Gracoor.
800 1618 833 1680 et
852 1599 1050 1680 Latinorum.

20 1717 21 1750 r
121 1720 348 1796 Mcpuntinam
368 1721 496 1781 absolvit
514 1718 685 1796 Stodinyos
704 1717 894 1780 Haerentem.

121 1817 274 1878 Remense
294 1822 327 1880 et
347 1817 590 1897 compendiense
611 1835 669 1896 pro
688 1817 839 1878 mouendo
858 1815 955 1894 Rege.

20 1953 21 1956 =
122 1914 358 1977 Tarraconense
379 1919 492 1977 eontra
512 1915 711 1977 Waldenses.

121 2013 312 2074 Othoniense
333 2018 446 2076 contra
465 2013 573 2075 hostes
595 2014 718 2074 Eccles.
738 2016 771 2074 et
791 2028 966 2074 caeremon.

124 2109 315 2186 Biterrense,
335 2113 411 2174 Oen.
432 2111 472 2172 46
492 2115 525 2174 et
546 2113 620 2190 Gap.
643 2111 694 2172 37.
717 2111 754 2171 de
775 2109 952 2188 inquirend.
975 2105 1129 2169 haeretic.

125 2207 389 2284 Uratislaviense‚
411 2212 466 2272 dat
485 2209 533 2271 δ’·
555 2213 678 2289 partem
700 2209 869 2269 redituum.

127 2307 310 2368 Biterrense
331 2309 367 2369 de
388 2307 529 2369 subsidio
551 2307 625 2368 belli
648 2310 759 2367 contra
779 2305 967 2368 haereticos.

123 2405 289 2479 Damnum,
312 2406 386 2468 Can.
406 2406 425 2466 4
445 2425 502 2485 pro
523 2405 696 2467 securitate
716 2403 863 2484 Episcop.

123 2505 330 2565 Ravennense
350 2503 474 2566 deiend.
498 2504 677 2582 Religiosos
699 2506 783 2565 cont.
805 2501 992 2564 calumniae.

122 2602 348 2665 Lambethense
368 2603 461 2681 plura
481 2603 586 2664 sancit
605 2621 663 2682 pro
683 2601 850 2682 disciplina
871 2599 993 2662 Eccles.

122 2699 259 2778 Anglioa
280 2705 311 2763 et
333 2701 521 2764 Germanica
542 2705 656 2762 eontra
675 2701 825 2762 incursus
847 2701 1011 2760 Tartaror.

125 2797 307 2860 Parisiense
327 2802 381 2862 dat
402 2799 605 2862 centesimam
626 2815 684 2876 pro
704 2799 850 2877 Expedit.
875 2795 1087 2874 Hierosolym.

124 2895 306 2958 Parisiense
326 2901 439 2960 contra
458 2897 667 2976 blasphemos.

127 2995 360 3056 Andomareuse
381 3000 494 3058 contra
516 2996 730 3075 negotiatores
751 2993 899 3056 clericos.

127 3092 417 3167 Claromontanum‚
440 3093 618 3156 collection.
641 3094 810 3155 canonum.

126 3189 368 3268 Compendiense
390 3196 502 3253 eontra
527 3196 734 3271 usurpatores
755 3192 908 3251 bonorum
930 3187 1017 3249 Eool.
1133 3263 1136 3274 ¹

132 3287 522 3370 Constantinopolitanum
542 3289 687 3370 agnoseit
706 3289 883 3352 Primatum
902 3284 1036 3348 Romani
1057 3275 1148 3345 Pont.

127 3387 287 3448 Ausoense
306 3392 339 3450 et
359 3389 540 3451 Biterrense
561 3408 618 3470 pro
638 3389 786 3451 libertate
807 3387 929 3448 Eccles.

129 3487 511 3567 Constantinopolitanum
532 3507 589 3567 pro
613 3491 760 3550 Process.
785 3487 926 3566 Spiritus
947 3485 978 3547 S.
999 3502 1039 3545 ex
1061 3479 1121 3544 PP.

133 3583 373 3664 Salisbungense
395 3588 432 3647 de
452 3587 673 3648 coniunctione
694 3587 795 3648 ordin.
815 3585 965 3676 Equestr.

132 3677 359 3747 Meioduuense
380 3703 439 3764 pro
459 3686 582 3764 discipl.
607 3685 693 3747 Eccl.
714 3683 924 3746 reformanda.

597 3961 782 4070 sancum
803 4005 890 4068 ιιι.

130 4269 309 4332 Parisiense
329 4273 366 4334 de
387 4272 445 4335 lite
465 4275 551 4337 inter
571 4273 676 4337 Bonif.
697 4275 775 4339 VIII
795 4277 828 4336 et
847 4271 966 4352 Philip.

130 4367 306 4430 Romarmm
326 4371 364 4432 de
384 4371 500 4433 eadem.

130 4463 373 4547 Salisburgense
393 4472 429 4531 de
451 4469 581 4532 decimis
601 4475 635 4534 et
654 4471 737 4534 Stat.
757 4469 953 4550 poenalibus.

130 4563 337 4626 Ravennense
357 4565 391 4628 in
412 4586 508 4631 causa
528 4569 791 4648 Templaniorum.
