3444 5358
114 394 212 455 multa
232 395 266 454 iu
286 411 375 456 suem
393 393 555 456 derivasse
576 394 807 469 collectionem,
824 411 918 473 quam
940 394 1081 456 foedavit
1101 394 1209 458 multis
1228 397 1346 458 variis·

111 510 167 568 que
197 492 411 570 supposititiis
440 493 665 566 monumentis,
688 511 766 570 quae
789 493 905 570 partim
926 493 1061 572 primum
1083 493 1150 572 ipse
1170 494 1341 569 confinxit,

110 588 226 665 partim
247 590 384 650 aliorum
405 590 533 668 ingenio
554 589 700 650 coniecta
720 590 827 650 literis
844 591 1058 668 consignavit.
1076 591 1199 652 Prioris
1216 595 1343 670 generis

109 690 181 746 sunt
202 687 357 765 epistolae
378 688 560 748 Decreteles
577 689 776 748 Summarum
806 689 1000 750 Pontificum
1021 707 1040 748 a
1061 689 1220 750 Clemente
1242 707 1342 767 usque

107 785 141 843 ad
163 785 371 856 silvestrum,
392 789 425 846 et
454 785 636 864 pontificiae
667 779 780 846 literae
802 802 821 845 a
840 785 1000 846 silvestro
1029 803 1127 863 usque
1154 787 1193 846 ad
1223 789 1343 865 Grego-

105 882 187 942 rium
208 883 270 956 M,
292 883 435 961 exceptis
457 883 561 943 literis
582 884 616 944 S.
632 883 773 956 Damasi,
789 899 868 959 quas
889 881 944 944 ille
966 883 1069 942 secuit
1085 883 1118 942 in
1140 885 1247 962 partes
1262 888 1342 946 tres.

109 980 188 1040 Item
222 985 297 1044 acta
317 981 453 1042 eoncilii
474 980 609 1041 Romani
631 981 689 1040 sub
722 980 804 1040 Iulio
836 982 864 1053 1,
885 983 919 1040 et
939 979 1073 1041 (lencilii
1093 982 1132 1043 V.
1156 985 1189 1042 et
1209 983 1253 1043 VI
1281 981 1339 1042 sub

106 1076 311 1154 Symmacho.
329 1077 522 1140 Posterioris
554 1079 679 1154 generis
708 1081 784 1138 sunt
810 1079 887 1138 duae
918 1077 1071 1154 epistolae
1101 1077 1272 1140 Clementis
1304 1079 1343 1140 ad

104 1175 256 1236 Iacobum
276 1180 309 1236 et
329 1180 509 1254 excerptae
524 1192 654 1236 romane
675 1176 802 1254 Synodo
824 1175 882 1236 sub
904 1175 1072 1236 Silvestre.
1089 1175 1134 1235 De
1156 1176 1338 1238 collectoris

104 1277 209 1334 mente
232 1278 338 1335 autem
358 1291 521 1352 perperam
543 1274 738 1345 iudicarunt,
760 1273 814 1350 qui
836 1289 982 1334 romanae
1003 1273 1087 1334 sedis
1109 1263 1339 1336 incrementum

105 1370 142 1428 ab
164 1390 204 1430 eo
227 1375 406 1449 spectatum
427 1373 547 1445 dixere,
569 1389 640 1430 eum
661 1389 700 1430 ex
716 1388 807 1448 opere
821 1371 971 1432 universo
985 1370 1122 1432 emineat
1136 1371 1338 1432 collectorem

104 1468 273 1546 Episcopis
294 1469 413 1530 iniuste
435 1470 595 1530 accusatis
617 1469 797 1546 prospicere
827 1468 980 1542 voluisse,
1004 1470 1085 1544 quod
1115 1485 1189 1529 sane
1217 1467 1339 1530 fatetur

103 1565 135 1624 in
156 1567 231 1645 ipso
251 1568 356 1646 operis
377 1568 547 1645 prooemio,
570 1567 646 1644 quin
682 1567 813 1628 verbum
842 1566 940 1626 ullum
968 1565 1094 1627 iniiciat
1120 1567 1158 1625 de
1181 1569 1341 1644 potestate

103 1663 171 1726 ΒΕ.
195 1666 400 1727 Pontificum.
419 1667 528 1742 Neque
555 1665 659 1724 minus
679 1683 698 1724 a
720 1664 852 1726 verItate
867 1663 1022 1724 abludunt
1050 1662 1256 1736 Moshemius,
1280 1664 1339 1724 Fe·

103 1760 236 1822 bronius
258 1763 441 1824 Fleurinius
468 1763 599 1839 aliique,
620 1761 675 1839 qui
705 1760 942 1822 conversionem
971 1760 1210 1820 ecclesiasticae
1240 1760 1336 1821 disci·

103 1861 211 1937 plinae
233 1862 351 1922 axilla
381 1861 572 1922 collectione
600 1861 797 1938 repetendam
825 1875 894 1920 esse
921 1857 1090 1931 affirmant,
1113 1875 1185 1918 cum
1211 1862 1339 1918 constet

102 1977 171 2019 eam
193 1959 286 2020 nulla
305 1959 498 2020 auctoritate
512 1959 663 2036 polluisse
677 1961 711 2018 et
725 1956 900 2018 catholicos
914 1956 1058 2018 dectores
1075 1957 1232 2018 Romanae
1248 1955 1338 2018 Sedis

104 2057 411 2134 obsequentissimus
433 2057 487 2118 diu
507 2060 582 2118 ante
604 2057 814 2117 heterodoxos
828 2054 1048 2116 confictionem
1063 2058 1341 2116 monumentorum

105 2153 138 2212 in
160 2173 202 2214 ea
223 2155 430 2216 existentium
451 2157 589 2216 notasse.

163 2254 259 2314 XIII.
281 2255 349 2314 Hac
369 2252 485 2314 Isidori
516 2251 701 2312 collectione
733 2249 790 2310 vix
811 2250 845 2310 in
866 2250 988 2312 Gallias
1015 2251 1119 2324 illata,
1142 2251 1206 2312 alia
1226 2251 1337 2312 statim

103 2352 227 2430 prodiit
248 2353 281 2411 in
299 2351 349 2412 .80
378 2351 525 2430 Capitale
551 2350 717 2423 distincta,
739 2367 819 2426 quae
839 2348 922 2410 t'elso
949 2349 1112 2410 Hadriano
1140 2352 1154 2410 1
1182 2349 1334 2412 Pontifici

102 2451 275 2523 tribuitur,
297 2455 331 2512 et
349 2450 556 2529 Angilrauino
576 2448 732 2526 Episcopo
753 2449 945 2510 Metensium
959 2449 1080 2510 tradita
1098 2447 1198 2510 inisse
1219 2447 1337 2523 fertur,

102 2554 136 2610 at
158 2549 330 2626 utriusque
351 2565 448 2609 uuum
468 2564 538 2608 esse
558 2549 719 2608 auctorem
740 2565 780 2608 ex
807 2565 915 2608 earum
943 2548 1158 2608 Decretalium
1191 2550 1224 2607 et
1245 2547 1337 2625 Capi-

103 2649 249 2708 tulorum
268 2665 437 2720 eumenen,
458 2647 541 2706 haud
556 2645 690 2708 obscure
718 2644 905 2723 deprehendi
927 2649 1040 2723 potest.
1066 2646 1180 2706 Itodem
1212 2645 1338 2718 saeculo

102 2747 150 2806 IX
172 2745 293 2823 prodiit
324 2745 470 2806 collectio
501 2744 559 2804 sub
581 2742 676 2804 titulo
705 2743 870 2804 canonum
900 2744 1190 2816 Poeaitentc'alium,
1212 2743 1339 2804 incerto

104 2847 250 2916 auctore,
272 2862 352 2920 quae
372 2843 434 2904 etsi
470 2842 515 2904 ite
536 2840 767 2913 denominetur,
796 2845 901 2902 tamen
924 2859 1013 2902 omne
1041 2842 1201 2902 Ganonum
1236 2858 1336 2919 genus

104 2942 339 3019 complectitur.
362 2939 510 3017 Sequenti
527 2940 654 3000 saeculo
668 2939 809 3016 Reginus
824 2939 996 3000 monachus
1016 2939 1241 3000 Benedictinus
1257 2955 1340 3014 opus

102 3040 206 3100 edidit
225 3040 284 3100 sub
305 3039 412 3126 titulo:
435 3040 482 3099 De
502 3039 717 3098 Ecclesiastico
730 3035 906 3113 disciplina,
922 3045 951 3097 et
970 3038 1132 3113 Relipione
1146 3036 1340 3097 Christano.

103 3137 239 3198 Saeculo
259 3138 306 3198 XI
327 3137 447 3214 prImus
469 3135 612 3196 occurrit
639 3135 843 3196 Burchardus
870 3135 1116 3196 Wormatiensis
1144 3135 1335 3212 Episcopus,

104 3236 161 3313 qui
183 3253 267 3295 nova
286 3235 432 3295 methodo
456 3235 614 3310 Mapoura
639 3236 838 3296 Decretoreem
866 3234 1009 3294 uolumen
1032 3233 1213 3305 exornavit,
1236 3232 1340 3310 vulgo
1369 3227 1371 3234 '

104 3334 229 3394 dictum
246 3335 423 3394 Decretum.
441 3333 515 3393 Alia
534 3333 681 3393 collectio
701 3337 763 3406 est,
785 3351 864 3410 quae
885 3332 1033 3392 Anselmo
1056 3331 1193 3394 Lucensi
1213 3333 1340 3394 adscri-

104 3431 208 3505 bitur,
231 3431 284 3492 cui
305 3431 420 3492 titulus
435 3451 445 3492 ι
462 3432 651 3492 Autbeaeica
671 3437 712 3493 ct'
727 3430 942 3510 compendiosa
970 3431 1112 3492 Collecte‘o
1139 3431 1338 3508 repuleram,

105 3537 138 3591 et
155 3531 384 3591 sententiarum
403 3530 461 3590 SS.
484 3531 634 3604 Patrem,
656 3537 687 3592 et
705 3531 930 3592 outorobilium
952 3531 1174 3603 Goecibbrum
1196 3534 1229 3589 et
1249 3548 1340 3607 prae·

106 3634 198 3690 terea
218 3629 404 3706 opusculum
423 3646 464 3689 ex
486 3628 631 3706 pluribus
652 3630 706 3689 SS.
736 3631 870 3690 Petrum
898 3629 1044 3706 operibus
1065 3630 1261 3704 excerptum.
1291 3629 1340 3689 Ad

106 3727 247 3788 eamdem
267 3727 351 3788 iuris
372 3727 523 3788 canonici
544 3727 692 3804 epocham
712 3727 820 3788 liceat·
834 3744 956 3803 quoque
978 3725 1109 3799 referre,
1127 3725 1217 3785 binas
1239 3725 1356 3786 (iolla--

107 3825 230 3884 otiores
251 3825 342 3885 Ivoni
362 3825 549 3886 carnotensi
569 3841 665 3900 aeque
686 3825 839 3898 tributas,
862 3842 995 3901 quarum
1016 3823 1118 3902 prima
1133 3823 1336 3886 inscribitur:

106 3923 333 4000 acceptiones
358 3924 647 3985 Ecclesiasticarum
674 3923 872 3998 repuleram,
901 3941 980 3999 quae
1009 3941 1071 3982 non
1099 3940 1190 3983 secus
1218 3943 1255 3985 ac
1281 3924 1340 3985 illa

107 4020 287 4082 Burchardi
301 4023 464 4083 Decretum
485 4021 549 4082 dici
571 4022 746 4082 consuevit.
765 4022 877 4082 Altera
904 4020 1092 4094 Panormos,
1115 4039 1170 4082 seu
1190 4023 1340 4083 Poenor-

105 4119 185 4190 miu,
207 4136 301 4195 quam
315 4120 529 4180 Pannomiam
543 4119 705 4181 dicendam
720 4123 912 4180 censuerunt
926 4119 1070 4192 Gentius,
1086 4124 1120 4180 et
1134 4121 1336 4194 PasserInus,

107 4217 239 4293 aliique,
261 4217 375 4292 quibus
396 4218 501 4278 miuus
523 4217 643 4279 arridet
657 4235 772 4296 graeco
793 4219 890 4278 simul
910 4223 944 4278 et
964 4218 1064 4279 latino
1094 4236 1235 4278 sermone
1256 4235 1339 4278 com·

108 4312 246 4392 positum
266 4313 482 4376 Pannormiae
511 4334 632 4376 nomen.
656 4317 723 4377 Hae
743 4321 818 4378 sunt
847 4317 1050 4377 collectiones
1078 4319 1187 4377 notatu
1209 4316 1335 4394 dignae,

108 4429 188 4488 quae
209 4411 346 4472 diversis
368 4413 522 4474 methodis
536 4431 594 4492 pro
615 4414 842 4491 cuiuscumque
873 4415 1000 4494 ingenio
1025 4416 1101 4474 sunt
1121 4417 1282 4490 exaratae,
1304 4417 1337 4475 et
1449 4448 1451 4453 ·

108 4526 228 4586 omnes,
249 4514 285 4571 ut
312 4509 395 4571 aliae
421 4511 484 4571 huc
511 4529 611 4590 usque
640 4513 827 4591 recensitae,
860 4513 991 4591 privato
1022 4510 1129 4572 studio
1159 4510 1335 4589 confectam
