3404 5360
937 339 1015 398 ..6
1056 367 1093 382 .-

416 436 476 494 esi.
503 435 580 498 Eius
602 438 707 516 stylus
729 340 1094 511 616666666661166266),
1115 455 1172 496 nec
1198 438 1325 515 elegans
1352 440 1466 497 tamen
1497 453 1553 495 nec
1583 453 1629 495 su-

402 534 523 597 *blimis

460 669 496 714 Ad
512 670 561 716 hoc
575 671 694 716 seculum
711 669 845 728 pertinent
860 668 943 714 ctiam
959 671 1098 722 Phaenius.
1113 668 1157 725 qai
1179 667 1287 725 scripsit
1303 670 1349 713 La.
1366 666 1629 721 4'Ecc12tiaattonum

405 743 436 784 66
458 751 551 786 omnes
572 747 628 786 utr.
654 745 768 787 Testam.
792 744 903 795 666666,·
919 739 963 785 sed
984 740 1088 797 primns
1109 740 1215 786 tanturn
1231 741 1319 786 exstat
1342 739 1490 795 genuinus.
1505 761 1534 774 -
1553 741 1630 783 Hess-

410 821 484 859 66166
498 815 542 858 ΕΡ.
558 816 699 861 61666666.
713 815 742 869 (is
755 815 805 868 600)
820 812 866 870 qni
881 813 953 858 dedit
976 815 1190 868 Eapianationes
1210 811 1237 856 in
1259 814 1408 874 Leuiticum
1431 816 1459 856 et
1479 813 1630 864 Prophetas

406 882 532 938 minores,
549 887 694 930 centurias
709 888 778 930 duas
792 885 996 929 Sententiarum
1018 887 1050 928 de
1070 888 1188 936 uirtute,
1203 884 1346 928 Sermones
1367 888 1395 928 et
1419 885 1566 928 orationes
1582 881 1631 926 ali·

407 957 481 1011 quot.
495 979 521 990 -
536 960 681 1004 66666666
695 958 762 1004 Mon.
778 959 956 1002 Pranssrrnns
972 955 1002 1010 (r.
1019 965 1044 1001 a.
1059 956 1108 1009 616)
1125 966 1142 1001 6
1156 965 1207 1012 quo
1222 954 1323 1012 prodiit
1338 957 1508 1000 pandecten
1524 956 1630 998 6666666

406 1027 584 1080 scripturae,
601 1041 646 1076 seu
661 1027 842 1086 compendium
858 1026 996 1084 religionis
1017 1026 1191 1073 christianae.
1205 1049 1232 1062 ·-
1245 1029 1270 1072 S.
1286 1029 1458 1073 Sornnourus
1468 1029 1557 1071 Pisa.
1573 1026 1630 1068 iiis·

408 1108 537 1146 nosonru.
555 1101 611 1156 (669)
628 1101 673 1158 qui
689 1100 796 1158 scripsit
812 1103 959 1152 6666666666
982 1101 1156 1152 hncpctioam
1170 1098 1257 1144 instar
1280 1098 1428 1144 voluminis
1449 1100 1550 1143 contra
1572 1095 1631 1151 cyri

408 1169 575 1217 haeresin·
589 1175 701 1218 1666666
715 1173 835 1217 Moscnus
850 1171 881 1225 (c.
891 1170 971 1225 aaa)
988 1169 1096 1226 scripsit
1111 1170 1226 1214 Pratum
1239 1172 1386 1224 spirituale
1402 1179 1453 1214 seu
1468 1167 1628 1214 Tractatum

407 1241 437 1286 de
465 1237 530 1287 litis
550 1246 673 1290 Patrum.
687 1267 713 1278 -
728 1243 855 1300 Georgius
866 1241 968 1286 Pisidas
989 1241 1020 1296 (c.
1035 1251 1060 1287 a.
1075 1242 1123 1295 660)
1140 1243 1235 1286 auctor
1256 1241 1344 1298 operis
1359 1239 1494 1298 Inscripti
1522 1241 1629 1284 Casme-

406 1317 516 1366 pactam
525 1326 569 1361 seu
578 1316 707 1363 carminis
722 1315 749 1360 in
764 1313 945 1360 Hexamaieron
962 1313 988 1358 at
1003 1313 1146 1370 praeterea
1161 1312 1232 1358 dedit
1247 1313 1322 1358 alind
1338 1323 1459 1358 carmen
1468 1313 1630 1357 deoanitnte

406 1387 812 1433 vitaehumanae.‘rnrnnss1ns
833 1384 916 1430 edidit
940 1387 1084 1430 Centurias
1104 1389 1223 1438 cuatuor
1238 1385 1449 1430 Sententiarum
1473 1385 1508 1427 de
1524 1386 1630 1426 sincera

407 1459 557 1510 charitate,
573 1463 644 1506 attae
666 1460 835 1506 continentia
849 1460 874 1502 et
887 1459 986 1502 mentis
1007 1461 1148 1510 66666666.
1164 1459 1294 1503 lonenses
1316 1459 1359 1500 Er.
1374 1456 1516 1501 06666616
1539 1453 1628 1498 auctor

411 1531 512 1576 Comm.
526 1533 557 1574 in
572 1519 765 1576 hierarchiam
780 1534 922 1575 caelestem
942 1535 967 1574 et
985 1533 1205 1575 ecclesiasticam.
1219 1551 1246 1564 -
1259 1531 1364 1574 Euoras
1385 1529 1433 1572 nr.
1453 1528 1628 1572 Novroususis

407 1599 436 1656 (†
445 1601 495 1654 669)
510 1602 618 1660 scripsit
634 1604 724 1647 Tract.
732 1603 764 1646 ae
775 1603 941 1646 rectitudine
956 1603 1106 1647 catholicae
1117 1603 1332 1646 conuersationis
1342 1603 1368 1644 et
1382 1601 1495 1653 6666666
1505 1599 1628 1642 hamah--

406 1672 566 1719 Mnacnnrns
581 1675 612 1729 (c.
627 1684 651 1719 a.
666 1674 716 1726 660)
730 1672 839 1728 scripsit
856 1675 902 1716 tn.
918 1675 935 1716 2
956 1675 1153 1717 Formutarum
1175 1673 1445 1717 Ecclesiasticarum.
1461 1691 1490 1703 -
1514 1671 1627 1714 caunu-

403 1753 452 1790 uus
465 1743 494 1799 6-6·
503 1745 551 1798 661)
567 1748 593 1790 Ι..
605 1747 638 1789 66
652 1747 888 1790 Paenitenttarum
899 1754 1031 1788 mensura
1041 1749 1067 1788 et
1079 1745 1230 1796 Epictetum
1243 1743 1412 1787 Panchatem.
1423 1761 1453 1775 -
1463 1742 1490 1784 S.
1507 1744 1628 1788 6666666

403 1815 544 1862 Cannensis
560 1816 588 1870 (†
602 1816 651 1871 660)
666 1814 748 1860 edidit
764 1817 839 1860 Hom.
851 1817 882 1859 17
893 1819 918 1858 et
937 1817 1073 1860 Triodiaa
1087 1817 1117 1858 in
1131 1817 1211 1859 Festa
1225 1818 1250 1858 et
1259 1814 1384 1864 sanctos,
1401 1815 1517 1858 lambos
1533 1810 1627 1854 eucha-

403 1889 524 1938 risticon,
541 1892 697 1941 commitam
712 1889 882 1932 Panchatem.
898 1908 924 1920 -
938 1887 1051 1932 1666666
1072 1887 1117 1930 ΕΡ.
1131 1888 1291 1931 incussos.
1306 1887 1337 1938 (c.
1354 1895 1378 1930 a.
1393 1885 1445 1939 680)
1470 1882 1547 1928 dedit
1568 1883 1627 1925 Ora-

360 1955 361 1962 ’
404 1961 492 2002 666666
507 1962 536 2002 66
550 1961 749 2004 Dormittonem
764 1961 899 2012 Detparae
914 1959 940 2002 et
956 1961 985 2002 66
1000 1961 1128 2002 mutieres
1147 1961 1289 2010 unpuenta
1303 1960 1432 2008 terentes.
1449 1959 1580 2009 Humnos
1593 1953 1626 1997 ad

405 2031 489 2074 Deum
504 2031 530 2074 et
546 2032 669 2076 sanctos.
678 2053 704 2064 -
718 2033 842 2076 incrinus
856 2032 1062 2076 6666666666
1076 2029 1162 2074 dictus
1177 2032 1320 2073 Pomerius
1335 2028 1363 2083 (i-
1372 2028 1422 2082 600)
1439 2027 1558 2084 scriptis
1571 2035 1625 2070 con·

405 2099 523 2156 signavit
543 2103 737 2148 Commentis
752 2087 872 2155 Nahum}
893 2105 987 2147 Libros
1002 2102 1068 2146 duos
1090 2105 1288 2154 antitaaiarum
1308 2100 1486 2153 scripturae,
1505 2101 1562 2144 Lib.
1577 2101 1623 2140 trn
1682 2121 1683 2142 t

403 2172 649 2222 Praenestinorum
664 2175 756 2224 futuri
769 2175 863 2222 secuit,
880 2175 936 2218 tres
951 2176 983 2217 de
998 2171 1117 2218 aduentu
1131 2168 1244 2217 Messtae
1260 2177 1358 2216 contra
1374 2173 1506 2224 Iudaeos,
1522 2173 1617 2223 Appen-

405 2242 492 2286 dicem
514 2244 551 2286 ad
572 2246 704 2294 Iideronsi
725 2246 888 2295 catatonum.
902 2267 929 2278 -
949 2246 1106 2290 6666666666
1127 2245 1173 2289 Er.
1192 2242 1425 2298 insanientum
1449 2237 1619 2286 elucubravit

310 2321 311 2326 ¹
395 2315 580 2358 breuiarium
598 2315 783 2362 bonorumet
799 2314 977 2360 corcordiam
993 2327 1039 2361 seu
1055 2316 1293 2362 lib.canannm.-
1307 2317 1438 2370 Vnneains
1453 2319 1523 2358 Ana.
1541 2312 1569 2366 (†
1582 2308 1623 2359 695]

402 2386 512 2440 praeter
533 2385 606 2432 sitas
621 2386 729 2443 aliquas
743 2386 911 2432 concinnavit
927 2391 953 2432 L.
970 2389 1002 2432 de
1016 2397 1090 2432 6666
1110 2391 1213 2432 saecuti
1227 2389 1364 2440 sapientia
1377 2389 1403 2430 et
1417 2387 1445 2430 L.
1461 2387 1498 2430 de
1514 2384 1623 2430 Institu-

403 2458 476 2500 tione
490 2460 561 2503 aitae
577 2467 670 2504 66666.

869 2755 1050 2818 SAECULO
1071 2755 1155 2819 VIII.

462 3009 493 3069 S.
516 3005 1093 3088 1666666Β666666666β.6730).
1117 3006 1242 3084 Scripta
1266 3007 1333 3066 eius
1366 3009 1498 3066 extant:
1533 3002 1623 3065 Liber

402 3108 439 3168 de
459 3108 631 3168 haeresibus
652 3139 669 3153 -
691 3107 852 3184 Enpositio
870 3105 945 3185 fidei
975 3106 1163 3166 orthodoecae
1184 3139 1201 3152 -
1223 3107 1288 3167 Pro
1311 3106 1407 3164 sacris
1434 3103 1625 3180 imapiuibus

404 3207 562 3266 Orationes
582 3213 642 3265 tres
663 3238 680 3252 -
700 3207 743 3264 De
763 3210 848 3264 recta
866 3207 1018 3265 sententia
1048 3206 1140 3264 Liber
1162 3239 1178 3251 -
1204 3205 1367 3264 Tractatus
1396 3210 1507 3264 eontra
1540 3203 1623 3262 Iaco-

400 3304 478 3364 bitas
499 3337 515 3348 -
537 3303 684 3378 Dialopus
707 3310 816 3362 contra
839 3303 1036 3363 Manichaeos
1057 3336 1073 3349 -
1099 3305 1283 3381 Disceptatio
1315 3304 1484 3362 Christiani
1512 3309 1543 3362 et
1566 3301 1622 3360 Sa-

399 3404 505 3462 raceni
525 3435 541 3447 -
562 3403 792 3477 Erapmentum
812 3402 949 3480 opusculi
969 3401 1006 3462 cle
1027 3401 1209 3462 draconibus
1229 3407 1259 3461 ct
1284 3402 1431 3480 Stypibus
1449 3433 1469 3448 -
1488 3402 1560 3462 Lib.
1584 3397 1619 3456 de

400 3501 433 3560 S.
460 3500 611 3560 Trinitate
632 3534 649 3547 -
674 3500 711 3560 de
735 3501 859 3578 Hpmno
894 3500 1034 3577 Trisapio
1056 3534 1073 3548 -
1100 3502 1136 3562 de
1164 3489 1276 3562 Sacris
1297 3501 1417 3559 ieiuniis
1440 3534 1457 3548 -
1485 3503 1525 3561 cle
1557 3504 1619 3559 aeto

399 3601 556 3677 spiritibus
576 3601 742 3676 nequitiae,
766 3599 803 3659 cle
823 3600 986 3659 virtutibus
1006 3607 1036 3660 et
1054 3603 1135 3660 citiis
1156 3634 1172 3646 -
1193 3601 1350 3660 Institutio
1371 3601 1566 3662 elementaris
1579 3595 1636 3673 nri¹

401 3697 551 3773 dopmata
572 3731 588 3744 -
610 3697 647 3758 alc
674 3705 793 3758 natura
822 3701 987 3777 composita
1016 3707 1125 3760 contra
1153 3699 1321 3776 Aeephalos
1341 3732 1358 3745 -
1379 3699 1416 3759 ale
1446 3699 1567 3760 duabus
1586 3698 1618 3754 in
1669 3766 1674 3772 Ι

402 3796 521 3856 Christo
540 3797 748 3858 uoluntatibus
768 3830 785 3842 -
806 3798 984 3859 Dissertatio
1004 3797 1148 3859 adrasus
1160 3797 1414 3858 Nestorianorum
1434 3800 1586 3860 haeresim
1600 3824 1616 3840 -

401 3894 542 3972 Epistola
561 3896 595 3954 in
615 3873 701 3954 66666Ι
716 3917 733 3951 c
754 3897 828 3972 quid
848 3901 898 3956 est
917 3897 1031 3956 homoi
1052 3919 1102 3955 »—
1125 3897 1233 3956 Canon
1253 3897 1410 3957 Paschalis
1423 3931 1438 3944 -
1458 3898 1566 3958 Oratio
1582 3893 1618 3952 dc

399 3992 448 4064 iis,
471 3993 524 4068 qui
543 3993 577 4051 in
596 3993 659 4072 fide
678 3993 873 4054 dormierunt
887 4025 904 4040 -
919 3996 1062 4072 Epistola
1082 3997 1119 4056 de
1134 3997 1326 4071 Confessiune
1341 4029 1357 4040 -
1372 3998 1415 4056 De
1432 3999 1527 4056 sacris
1541 3999 1619 4056 ima·

400 4091 523 4166 pinibus
542 4090 687 4152 adversus
707 4092 946 4152 Constantinum
963 4095 1148 4154 Cebalinum
1162 4127 1179 4139 -
1193 4095 1335 4172 Epistola
1348 4093 1385 4154 de
1398 4096 1493 4154 sacris
1505 4095 1618 4170 666666·-

401 4190 489 4248 nibus
509 4188 551 4248 ad
576 4189 783 4268 Theophplum
803 4183 1027 4270 Imperatorem
1046 4227 1064 4239 -
1084 4194 1121 4252 L.
1144 4194 1187 4252 De
1207 4195 1326 4272 azymis
1346 4226 1363 4239 -
1384 4196 1427 4254 De
1443 4194 1578 4272 Corpore
1590 4196 1618 4251 et

400 4288 552 4362 sanquine
574 4288 689 4346 Christi
709 4322 725 4334 -
747 4291 921 4350 Declaratio
940 4291 1032 4352 Eidei
1052 4323 1069 4336 -
1089 4292 1250 4368 Enpositio
1264 4293 1298 4350 in
1315 4293 1472 4370 Epistulas
1484 4293 1581 4352 Pauli
1600 4320 1616 4336 -

400 4385 499 4446 Sacra
518 4387 679 4446 Paralleia
693 4418 710 4432 -
725 4387 879 4450 Homiiiae
901 4391 954 4449 12.
977 4408 1047 4448 cum
1066 4392 1246 4466 frapmento
1267 4423 1283 4436 -
1299 4391 1498 4452 Precationes
1516 4400 1577 4452 tres
1598 4419 1614 4435 -

403 4483 554 4544 Carmina
565 4492 594 4544 et
605 4485 736 4545 Cantica
747 4487 778 4545 7.
795 4521 813 4532 -
827 4489 898 4549 Vita
906 4489 1043 4548 Balaam
1054 4495 1083 4547 et
1091 4489 1237 4566 Iosophat
1249 4523 1265 4534 -
1278 4491 1311 4550 S.
1323 4490 1476 4550 Arthenrii
1483 4493 1582 4568 passio
1597 4515 1613 4532 -

399 4580 492 4642 Liber
505 4583 650 4644 66666666
662 4583 865 4646 iconoclastae
879 4620 895 4633 -
910 4587 1030 4664 Hymni
1042 4587 1075 4646 8.
1092 4619 1108 4634 -
1123 4588 1299 4666 Supersunt
1312 4588 1407 4648 etiam
1419 4589 1616 4666 Erapmenta
