3404 5360
150 380 567 464 Parasceuasticon
595 382 748 442 adversus
777 382 964 461 Apostolum
996 381 1129 442 Paulum
1162 383 1324 458 incensus,

89 481 224 558 negavit
246 481 389 542 futuram
410 495 576 558 corporum
598 482 875 554 resurrectionem,
898 497 991 556 quem
1013 481 1051 540 ad
1076 482 1323 542 commentitiam

87 579 360 654 significationem
381 577 528 649 detorsit,
550 579 588 638 ad
610 577 808 655 spiritualem
831 579 957 638 scilieet
985 579 1261 651 resurrectionem,
1288 581 1321 640 in

85 677 288 736 excitatione
309 697 327 736 a
347 681 446 736 morte
477 677 602 752 peceati
629 678 668 736 ad
700 677 801 736 vitam
833 677 968 754 gratiae,
1000 677 1178 737 atenebris
1198 679 1321 739 erroris

84 778 117 833 et
139 774 346 834 infidelitatis
367 775 405 834 ad
427 775 530 834 lumen
553 774 625 834 fidei
647 775 888 836 consistentem.

144 873 333 935 Caniurnus
353 891 392 934 nr
415 887 601 933 curulesran
620 871 663 953 (a.
680 871 742 952 75).
765 875 917 934 Mundum
941 891 1003 932 non
1018 891 1037 932 a
1051 873 1128 944 Deo,
1145 875 1198 934 sed
1220 874 1321 935 inscio

84 971 151 1029 Deo
173 971 216 1031 ab
237 971 386 1030 aeonibus
398 970 569 1029 rebellibus
581 972 742 1030 conditum
755 989 823 1031 esse
837 969 1052 1044 affirmabant,
1065 973 1228 1032 Christum
1247 974 1323 1034 mis·

85 1087 155 1128 sum
180 1070 221 1128 ad
242 1087 372 1130 aeonum
394 1069 594 1146 tyrannidem
609 1070 882 1146 comprimendam:
901 1069 1064 1132 Christum
1079 1087 1147 1130 esse
1160 1072 1321 1132 diversum

11 1209 12 1214 η
84 1187 102 1226 a
122 1169 212 1240 Iesu,
223 1169 328 1227 lesum
351 1168 475 1227 scilicet
496 1185 565 1226 esse
581 1183 700 1226 merum
715 1167 871 1227 hominem
885 1168 1049 1239 docebant,
1066 1169 1229 1229 Christum
1245 1189 1321 1230 vero

82 1283 153 1324 esse
170 1283 301 1324 aeonem
322 1266 472 1341 aliquem,
488 1265 542 1341 qui
564 1266 597 1324 in
619 1267 722 1324 Iesum
746 1267 907 1325 descendit
929 1266 1092 1325 columbae
1115 1267 1218 1344 speeie
1240 1271 1322 1345 apud

83 1364 319 1471 Iordanemzvac
334 1367 473 1441 tempore
484 1363 641 1440 passionis
656 1363 772 1423 iterum
787 1365 940 1426 avolavit.
954 1363 1189 1425 Beatitudinem
1201 1365 1235 1424 in
1251 1385 1321 1426 car·

84 1463 135 1520 nis
151 1461 281 1520 deliciis
303 1479 482 1539 reposuere,
505 1461 621 1538 legalia
634 1478 703 1520 esse
718 1463 914 1522 observanda
928 1481 1000 1521 oum
1020 1463 1088 1540 lege
1110 1482 1192 1523 nova
1211 1465 1323 1524 docue-

83 1565 178 1632 runt,
194 1564 230 1618 ut
243 1560 314 1634 quis
336 1561 469 1618 salutem
480 1559 629 1635 consequi
652 1561 764 1636 possit;
777 1562 1035 1638 postgeneralem
1057 1562 1322 1622 resurrectionem

83 1658 194 1716 iustos
225 1659 317 1717 annis
338 1659 424 1718 mille
448 1659 481 1716 in
503 1661 590 1717 terra
611 1661 799 1736 regnaturos
821 1659 855 1718 in
876 1659 1060 1736 nuptiarum
1082 1658 1189 1733 festis,
1213 1661 1320 1722 carnis

83 1754 321 1833 cupiditatibus
342 1760 375 1816 et
396 1757 534 1815 omnium
556 1755 757 1832 voluptatum
778 1757 950 1816 illecebris.

145 1855 251 1916 Enron
271 1853 304 1935 (a
323 1853 385 1934 75).
407 1854 529 1916 Christi
548 1853 751 1914 divinitatem
771 1856 900 1931 eiusque
921 1858 1026 1915 ortum
1049 1873 1088 1914 ex
1117 1855 1251 1934 Virgine
1274 1857 1322 1917 in·

84 1953 219 2013 ficiatus
244 1958 304 2014 est.

146 2052 389 2132 En1on1ran(a.
412 2049 477 2130 75).
498 2052 730 2112 Necessitatem
751 2051 910 2112 Mosaieae
931 2051 1012 2128 legis
1034 2054 1275 2129 propugnarunt
1288 2054 1321 2110 et

84 2152 158 2210 lesu
183 2150 305 2211 Christi
327 2151 527 2209 divinitatem
549 2155 718 2226 negarunt.

147 2250 330 2309 Manlianus
350 2247 391 2328 (a.
415 2245 479 2326 76).
503 2247 624 2308 Christi
646 2248 874 2308 humanitatem
894 2247 1036 2324 negavit.
1098 2289 1107 2297 -

147 2346 440 2427 Meunnunmn1(a.
464 2345 527 2424 76).
550 2347 716 2407 Menandri
736 2346 876 2406 asseclae
907 2345 1180 2406 immortalitatem
1210 2362 1320 2424 corpo-

86 2463 157 2504 rum
183 2444 215 2502 in
238 2445 362 2504 nomine
383 2445 547 2506 Menandri
571 2445 741 2521 baptizatis
763 2445 1006 2522 pollicebantur.

146 2545 346 2605 Nruouarran
366 2543 411 2625 (a.
434 2541 498 2622 95).
521 2544 654 2602 Praeter
674 2561 813 2603 errorem
836 2544 872 2602 de
887 2541 1104 2602 conditoribus
1120 2543 1228 2602 mundi
1250 2544 1321 2604 bar-

85 2642 286 2720 baronymis,
311 2643 460 2702 volebant
481 2641 603 2700 licitam
625 2643 876 2720 idolothytorum
902 2641 1137 2712 comestionem,
1161 2659 1197 2701 ac
1220 2641 1315 2702 indif-

85 2739 244 2800 ferentem
267 2759 402 2801 uxorum
425 2757 517 2800 usum
539 2757 601 2798 non
623 2743 747 2800 tantum
768 2741 905 2813 licitum,
929 2741 982 2800 red
1003 2744 1035 2799 et
1057 2740 1256 2800 meritorium
1278 2760 1314 2801 ac

85 2841 123 2899 ad
147 2839 284 2899 salutem
315 2838 541 2898 necessarium.
573 2837 738 2910 Nicolaus,
761 2857 779 2898 a
799 2858 860 2916 quo
880 2857 992 2897 nomen
1005 2849 1007 2852 '
1022 2838 1241 2912 adsciverunt,
1263 2841 1319 2900 ha-

84 2937 174 2997 bitus
196 2941 246 2996 est
266 2942 426 3014 tamquam
447 2936 567 3014 primus
593 2937 811 3014 gnosticorum
833 2941 958 2997 auctor.

145 3036 308 3096 Numnam
329 3035 370 3116 (a.
392 3035 471 3095 circ.
493 3034 556 3116 82).
579 3035 772 3096 Asserebant
803 3038 903 3096 totam
935 3035 1036 3113 legem
1070 3035 1226 3097 iudaicam
1247 3052 1317 3097 esse

84 3135 316 3195 observandam
332 3134 355 3193 1.

582 3373 764 3436 snuouuo
785 3373 827 3457 ιι.

146 3627 365 3687 Euouasarrnn
386 3626 427 3708 (a.
445 3624 525 3705 114).
542 3627 696 3702 Spiritum
712 3626 864 3685 Sanctum
879 3623 1049 3683 foeminam
1064 3639 1132 3682 esse
1147 3622 1316 3681 commenti

18 3763 24 3774 ι
87 3729 174 3797 sunt3
198 3725 361 3784 Christum
383 3743 402 3784 a
422 3726 493 3783 lesu
515 3723 760 3800 distinguentes,
783 3723 946 3782 Christum
963 3737 1058 3778 unum
1081 3719 1224 3778 incaelis
1246 3735 1316 3778 esse

87 3822 297 3892 affirmarunt,
310 3827 343 3881 at
363 3824 502 3881 eumdem
524 3822 560 3880 de
582 3837 712 3896 corpore
733 3821 766 3878 in
788 3837 902 3896 corpus
919 3816 1099 3888 transiisse,
1117 3817 1316 3876 novissimi-s-

87 3929 146 3996 que
176 3920 369 3996 temporibus
401 3919 433 3978 in
461 3921 531 3978 lesu
555 3917 725 3976 habitasse:
750 3917 914 3995 religionis
930 3919 1051 3993 partem
1066 3915 1203 3975 exoticis
1221 3916 1317 3975 iuris-

87 4017 215 4077 iurandi
230 4017 377 4077 formulis
399 4016 602 4088 definiebant,
625 4015 658 4073 in
679 4016 897 4092 persecutione
919 4015 1010 4074 fidem
1031 4014 1129 4074 libere
1149 4013 1317 4092 negabant.

143 4246 154 4288 1
169 4243 236 4288 sunt
257 4241 487 4299 (percontandum,
502 4239 697 4286 vetustioribus
710 4239 856 4285 haereticis
869 4238 1005 4285 immerito
1022 4237 1155 4285 accenseri
1166 4239 1317 4284 Nazaraeos

87 4315 131 4372 qui
147 4325 208 4360 seru
222 4313 352 4360 haeretici
369 4324 385 4358 a
401 4313 528 4359 Patribus
543 4312 608 4358 dicti
623 4313 694 4365 sunt,
710 4311 806 4368 quique
822 4311 950 4368 primitus
963 4321 1012 4356 non
1029 4310 1078 4356 alii
1092 4309 1173 4354 tuisse
1189 4309 1314 4354 videntur

85 4399 167 4444 quam
175 4387 319 4433 christiani
335 4385 502 4432 iudalnautes
513 4384 616 4441 partim
625 4385 674 4430 sub
685 4382 848 4440 vespasiano
859 4384 963 4439 partim
973 4383 1022 4428 suh
1038 4381 1175 4428 Hadriano
1191 4380 1315 4425 Hieroso-

86 4458 152 4504 lima
168 4457 289 4515 profecti.
305 4457 397 4504 hamb.
407 4457 530 4502 Danaeus
543 4455 687 4502 comment.
699 4456 725 4498 in
741 4453 882 4510 augustini
898 4454 953 4500 hit.
972 4455 1002 4500 de
1017 4453 1175 4500 haeresibus
1189 4454 1251 4508 Cap.
1267 4453 1311 4507 ΙΧ,

87 4530 195 4576 vossius
210 4529 240 4576 de
255 4529 360 4586 geneal.
369 4527 469 4576 Christi
484 4529 547 4583 cap.
561 4529 594 4572 11.
