3466 5362
658 389 696 408 ..
717 359 756 420 51
776 391 817 406 ..

134 461 208 518 -et
230 459 506 519 Commonitorium
526 459 563 520 de
583 461 706 521 nomine
726 459 883 522 Caelestii.
906 459 982 521 Fuit
1001 463 1149 520 strenuus
1165 459 1286 538 gratiae
1300 459 1351 518 de-

126 558 248 619 sessor.

190 657 222 716 S.
247 658 452 721 coensi-uuus
471 657 508 740 (f.
532 677 560 718 a.
581 655 662 736 429).
687 659 788 736 Opere
816 659 884 718 eius
912 662 987 719 sunt
1015 657 1103 719 Libri
1130 659 1162 716 2.
1188 659 1351 716 Retrocta

125 758 249 816 tionum
268 789 289 804 -
311 757 543 834 Confessionum
573 757 661 815 Libri
691 758 744 816 13.
768 787 786 802 -
807 758 896 816 Libri
914 759 947 817 2.
977 764 1086 818 contra
1114 755 1312 816 Academicos
1330 783 1351 798 -

126 855 223 915 Liber
244 855 281 916 de
302 856 392 915 beata
411 857 478 914 uita
498 886 515 900 -
537 855 626 914 Libri
644 856 676 914 2.
698 855 736 915 de
760 855 869 917 ordine
890 889 911 902 -
930 857 1172 934 Soliloquiorum
1192 854 1256 915 LL.
1276 853 1309 911 2.
1332 881 1348 895 ·

126 945 165 1014 Ι..
187 953 225 1014 de
253 955 491 1014 immortalitate
520 955 644 1014 animae
663 985 684 999 -
712 955 750 1014 L.
773 953 810 1015 de
840 955 1017 1032 quontitate
1048 955 1172 1014 animae
1192 985 1213 999 -
1242 951 1278 1011 L.
1314 947 1351 1008 de

126 1053 285 1128 Mapistro
304 1085 325 1100 -
344 1053 432 1112 Libri
452 1053 484 1112 6.
509 1051 546 1112 de
559 1051 680 1112 Musica
694 1085 715 1122 -,
726 1053 831 1115 Orsus
845 1071 915 1116 usus
935 1069 1113 1116 nocuimus
1128 1033 1351 1112 enumerintur

128 1150 166 1210 L.
192 1151 230 1211 de
249 1169 324 1212 vera
343 1151 494 1228 relipione
513 1183 534 1197 -
553 1152 590 1212 L.
612 1151 650 1212 de
669 1151 732 1230 fide
751 1169 871 1226 rerum,
893 1171 973 1230 quae
991 1169 1055 1212 non
1069 1151 1214 1212 uidentur
1227 1181 1248 1195 -
1261 1149 1298 1207 L.
1315 1143 1353 1204 de

129 1249 192 1328 fide
221 1256 250 1310 et
277 1250 421 1329 Symbolo
440 1283 462 1297 -
481 1249 688 1310 Euchiridion
714 1250 757 1310 ad
785 1252 1005 1326 Laurentium,
1026 1269 1078 1312 sea
1109 1250 1202 1311 Liber
1222 1247 1260 1308 de
1278 1243 1352 1326 (lde,

131 1365 194 1424 spe,
215 1355 244 1408 et
262 1349 415 1408 charitate
436 1348 447 1390 ¹
469 1381 491 1396 -
510 1350 548 1410 L.
571 1347 608 1410 de
639 1351 748 1426 Acone
776 1351 952 1411 Christiano
972 1383 993 1396 -
1013 1351 1049 1410 L.
1075 1349 1112 1410 de
1131 1348 1194 1430 fide
1227 1353 1257 1407 et
1285 1360 1354 1420 opo·

130 1447 215 1505 ribus
232 1447 360 1508 -Libri
380 1448 435 1508 15.
459 1448 497 1508 de
520 1449 672 1508 Trinitate
690 1482 711 1495 -
731 1448 819 1508 Libri
838 1450 871 1508 2.
892 1449 929 1509 de
949 1449 1100 1524 coniuyiis
1128 1443 1314 1508 adulterinis
1332 1471 1353 1486 -

129 1547 168 1606 L.
184 1545 221 1605 de
236 1563 314 1605 curo
333 1547 474 1622 ponendo
489 1565 550 1625 pro
569 1548 700 1606 mortuis
718 1579 739 1592 -
757 1548 801 1607 De
821 1549 1042 1608 resurrectione
1054 1554 1250 1606 mortuorum
1275 1545 1353 1606 Tro-

128 1651 232 1703 ctotus
250 1647 283 1704 2.
301 1677 323 1690 -
343 1647 421 1707 Eius
442 1661 537 1708 ossus
560 1661 905 1707 nossentne-rotnasce
919 1649 1125 1705 recensentur
1138 1646 1229 1704 Libri
1241 1647 1298 1706 22.
1317 1646 1354 1708 de

130 1743 265 1802 Ciuitate
292 1744 348 1803 Dei
366 1777 388 1790 -
406 1745 444 1803 L.
476 1743 514 1804 de
544 1743 734 1804 divinatione
764 1741 952 1804 daemonum
970 1775 991 1790 -
1015 1743 1180 1803 Tractatas
1208 1744 1355 1805 aduersus

128 1839 261 1902 Iudaeos
280 1873 300 1888 -
319 1843 356 1901 L.
379 1841 416 1902 dc
434 1841 618 1904 Haeresibus
637 1875 658 1889 -
677 1843 713 1903 L.
739 1842 776 1902 de
795 1843 933 1903 utilitate
952 1841 1099 1902 credendi
1117 1874 1138 1888 -
1157 1844 1200 1904 De
1220 1843 1356 1902 moribus

130 1940 286 2001 Ecclesiae
300 1940 476 2001 Catholicae
497 1947 526 2001 et
546 1939 582 2000 de
602 1941 737 2000 moribus
756 1942 1013 2002 Manichaeorum
1034 1941 1122 2000 Libri
1141 1943 1175 2000 2.
1197 1942 1274 2002 -De
1296 1941 1356 2001 Ge·

128 2041 195 2100 nesi
214 2045 325 2097 contra
345 2039 544 2099 Manichaeos
563 2040 651 2100 Libri
670 2041 702 2099 2.
724 2071 745 2086 -
764 2041 801 2100 L.
818 2046 928 2099 contra
941 2037 1149 2099 Adimantum
1159 2071 1180 2086 -
1193 2041 1283 2099 Libri
1296 2041 1353 2100 33.

130 2144 243 2198 contra
261 2137 416 2196 Faustam
435 2139 656 2198 Manichaeum
675 2169 696 2183 -
714 2135 754 2198 'L.
780 2145 890 2198 contra
919 2139 1020 2216 Epist.
1052 2138 1242 2212 Manichaei,
1264 2157 1356 2216 quam

133 2239 250 2296 vocent
271 2235 487 2296 Fundamenti
505 2269 526 2282 -
544 2239 589 2298 De
609 2238 686 2297 actis
704 2255 774 2296 cum
794 2238 896 2298 Felice
917 2237 1100 2296 Manichaeo
1114 2237 1202 2296 Libri
1220 2237 1251 2298 2.
1275 2270 1296 2283 -
1316 2239 1353 2299 L.

136 2335 309 2395 denatura
329 2335 401 2394 boni
418 2367 439 2380 -
460 2335 498 2396 de
519 2335 637 2395 duabus
656 2337 820 2395 animabus
838 2338 958 2404 —Acta
978 2353 1031 2395 seu
1052 2337 1226 2413 Disputatio
1246 2343 1356 2396 contra

133 2436 346 2494 Fortunatam
376 2436 597 2494 Manichaenm
617 2467 637 2480 -
657 2435 746 2495 Libri
766 2437 798 2494 3.
821 2435 859 2495 de
879 2436 971 2495 libero
1000 2435 1131 2494 arbitrio
1151 2467 1172 2481 -
1190 2436 1227 2494 L.
1247 2443 1357 2496 contra

131 2533 366 2595 secundianum
385 2566 406 2580 -
424 2534 515 2594 Libri
533 2535 566 2595 2.
587 2541 697 2594 contro
715 2533 939 2595 Adversarium
958 2534 1051 2610 Lepis
1071 2541 1101 2594 et
1126 2535 1357 2613 Prophetarum

130 2663 151 2680 -
172 2634 207 2694 L.
238 2631 282 2693 ad
313 2633 453 2693 &ocima
481 2640 590 2693 contra
619 2627 875 2694 Priscillianistus
901 2639 931 2694 et
963 2633 1152 2709 Otipeaistas
1170 2666 1191 2680 -
1211 2633 1356 2693 Psalmas

133 2739 243 2793 contra
261 2739 387 2811 partem
406 2733 533 2805 bonati,
555 2733 659 2792 dictus
673 2732 889 2794 Abecedarias.
909 2733 1027 2792 Contra
1040 2733 1213 2809 Epistolam
1227 2720 1359 2796 Parme-
1455 2741 1456 2746 ’

107 2901 115 2922 ,
133 2832 227 2890 niani
236 2831 327 2890 Libri
336 2834 368 2891 3.
379 2864 396 2878 -
408 2832 527 2891 Contra
542 2833 649 2892 literas
661 2831 813 2893 Petiliaai
827 2832 899 2891 libri
907 2835 939 2891 3.
948 2865 969 2878 -
978 2833 1067 2892 Libri
1074 2831 1107 2892 4.
1119 2839 1228 2892 contra
1239 2834 1359 2894 Cresco-

135 2931 225 2989 nium
234 2931 354 2990 -Libri
363 2930 394 2989 7.
407 2931 612 3009 deBoptismo
621 2963 642 2976 -
651 2932 687 2992 L.
699 2931 737 2992 de
745 2933 836 2991 unico
845 2932 1007 3009 Baptismo
1018 2937 1129 2990 contro
1139 2933 1359 2992 Petilianam-

137 3031 281 3108 Epistola
300 3029 343 3087 ad
366 3031 537 3090 Catholicos
559 3041 669 3093 contro
691 3032 882 3104 Donatistae,
905 3049 983 3106 quae
1004 3031 1101 3108 vulgo
1123 3031 1242 3091 dicitur
1261 3033 1298 3091 L.
1321 3031 1360 3092 de

141 3129 264 3188 Unitote
283 3130 472 3189 Ecclesiae·
484 3131 665 3190 Breoiculas
680 3129 862 3188 Collatioais
870 3145 939 3188 cum
947 3129 1191 3188 Donatistis-L.
1202 3129 1245 3188 ad
1256 3131 1360 3189 Dona·

138 3227 226 3284 tistos
235 3235 302 3303 post
311 3228 507 3289 collationem
521 3228 663 3288 -Sermo
678 3227 722 3288 od
738 3227 953 3306 Caesareensis
961 3227 1116 3288 Ecclesiae
1126 3227 1246 3306 plebem
1266 3228 1303 3289 L.
1321 3227 1358 3289 de

137 3326 231 3400 pestis
249 3343 316 3385 cum
326 3327 466 3386 Emerito
478 3327 596 3386 -Libri
614 3329 648 3386 2.
671 3333 781 3386 contro
797 3325 1009 3386 Gaudentium
1021 3357 1042 3371 -
1055 3327 1143 3385 Libri
1156 3315 1188 3386 4.
1200 3325 1237 3388 de
1251 3327 1360 3388 anima

136 3431 168 3485 et
188 3425 252 3485 eius
265 3427 388 3502 oripiae
397 3423 473 3486 -⁰De
482 3432 683 3503 peccatorum
693 3427 812 3486 meritis
821 3432 850 3486 et
857 3426 1031 3486 remissione
1041 3425 1130 3485 Libri
1138 3429 1171 3486 3.
1183 3457 1204 3472 -
1214 3427 1307 3487 Liber
1321 3426 1358 3487 de

134 3523 299 3602 Spiritu-et
312 3524 422 3584 Literu
436 3524 470 3606 (i.
487 3545 513 3584 e.
531 3526 567 3585 de
577 3526 645 3603 lege
659 3529 691 3585 et
712 3522 840 3605 gretie).
852 3526 889 3586 L.
903 3523 940 3586 de
950 3532 1068 3586 actura
1078 3533 1107 3586 et
1115 3525 1225 3602 pratia
1237 3558 1258 3572 -
1270 3527 1306 3586 L.
1322 3525 1360 3586 de
1447 3530 1451 3540 ’

128 3623 325 3701 perfectione
345 3625 482 3683 iustitiae
503 3624 645 3696 hominis,
671 3641 725 3683 sen
746 3624 880 3702 epistola
903 3625 942 3684 ad
963 3624 1149 3701 Eutropium
1174 3627 1206 3682 et
1226 3625 1359 3684 Paulum

134 3721 318 3799 Episcopos.
338 3723 375 3781 L.
398 3721 436 3782 de
458 3725 550 3800 pestis
570 3723 696 3798 Pelopii
715 3755 735 3770 -
755 3723 843 3783 Libri
862 3724 895 3782 2.
919 3722 956 3782 de
989 3723 1099 3797 pratia
1129 3721 1245 3781 Christi
1272 3722 1359 3783 etde

129 3828 258 3899 peccato
288 3809 438 3896 oripiaoli
457 3855 478 3868 -
497 3823 586 3882 Libri
604 3823 637 3881 2.
668 3821 705 3882 de
733 3823 851 3899 nuptiis
877 3829 907 3882 et
935 3821 1180 3898 concupiscentia
1198 3853 1220 3866 -
1241 3821 1359 3882 Contra

135 3919 216 3979 daos
239 3921 381 3998 epistolas
407 3922 654 3998 Pelopionoram
684 3922 773 3981 Libri
791 3920 825 3982 4.
844 3953 865 3966 -
884 3921 973 3980 Libri
1000 3920 1033 3979 6.
1065 3926 1176 3980 contra
1198 3921 1359 3982 Iulianum

133 4019 348 4095 Pelopionum
367 4053 388 4066 -
411 4021 493 4099 Opas
510 4022 727 4098 imperfectum
747 4027 857 4079 contra
870 4019 1030 4080 Iulianum
1048 4019 1260 4096 Pelopiuuum
1279 4053 1300 4067 -
1319 4020 1357 4081 L.

134 4117 174 4178 de
194 4120 304 4195 pratia
324 4126 354 4179 et
372 4120 481 4179 Libero
512 4121 642 4179 arbitrio
661 4151 682 4188 ῳ
703 4117 740 4179 de
763 4118 1047 4197 praedestinatione
1071 4118 1259 4190 Sanctorum
1279 4152 1300 4165 -
1319 4119 1357 4178 L.

133 4217 175 4278 de
196 4217 276 4277 dono
292 4220 541 4297 perseuerantiae
560 4249 581 4264 -
600 4219 636 4278 L.
660 4224 769 4278 contra
789 4218 968 4278 Sermonem
988 4218 1215 4278 Arianorum-
1230 4217 1359 4278 Collatio

133 4336 207 4378 cum
227 4318 405 4378 Marimino
425 4318 620 4378 Ariaao'rum
640 4318 791 4395 Episcopo
811 4349 832 4362 -
851 4319 889 4379 L.
904 4319 937 4376 2.
954 4324 1065 4377 contra
1076 4314 1244 4396 (eumdem)
1256 4315 1362 4376 Matri

133 4419 258 4476 minam
289 4417 456 4476 Arianum.
492 4415 595 4478 Orsen
623 4415 796 4494 Augustini
828 4416 1007 4478 Exsonurcu
1033 4420 1118 4475 sunt:
1150 4415 1240 4474 Libri
1266 4413 1299 4474 4.
1322 4415 1360 4476 de

194 4570 204 4613 l
220 4567 295 4613 Notis
308 4570 335 4613 et
352 4565 545 4614 assertionibus
560 4565 718 4625 theologicis
732 4566 902 4612 illustratum
917 4569 942 4612 8.
957 4564 1100 4625 Augustini
1113 4563 1289 4610 Euentu-idion
1303 4565 1359 4612 edl-

136 4638 178 4685 uit
192 4641 212 4684 1.
230 4641 318 4686 heure
332 4640 357 4683 s.
372 4640 393 4684 1.
409 4639 510 4686 Romae
526 4639 587 4695 1755,
601 4649 686 4686 secus.
700 4637 810 4696 Neapoli
825 4639 885 4684 1847.
