3404 5360
917 365 959 384 ..
976 335 1015 396 aa
1037 367 1072 382 ..

393 449 662 513 tino-barbaricae
682 451 719 512 de
735 451 880 531 partibus
899 453 1029 513 humani
1041 453 1176 532 corporis
1195 485 1213 498 -
1233 453 1277 513 De
1295 417 1467 512 incautione
1485 451 1615 526 linqua-

388 569 460 611 rum
475 573 499 598 ·-
520 553 749 627 Fraamentum
768 552 911 626 plassarii
930 549 1219 612 latino-iiteotisctri
1238 583 1255 598 -
1279 551 1439 611 Carmina.

448 651 665 712 Wianrnrous
685 649 807 712 Sranao
823 649 860 730 (†
876 647 947 729 849)
961 650 1047 711 dedit
1060 649 1202 711 Glossam
1216 649 1413 710 ordinariam
1428 650 1461 709 in
1474 649 1506 709 S.
1526 647 1615 709 Scri·

388 751 526 826 ptumam,
547 748 618 809 Lib.
643 749 679 808 do
702 747 818 808 officiis
840 748 970 820 divinis,
992 747 1214 826 Biographias‚
1236 748 1393 809 Poemata.

1684 774 1686 840 i

448 847 611 909 Eunomus
631 845 731 908 Anca.
747 848 933 909 Tonrrnaus
953 845 990 926 (i
1012 843 1084 925 859)
1099 845 1232 923 reliquit
1247 847 1311 907 LL.
1325 847 1358 907 3.
1373 845 1410 906 de
1421 843 1520 906 Mart.
1539 845 1619 905 Cor·
1686 848 1687 862 ¹

387 943 581 1017 damnatum
602 945 835 1024 Apoiopeiiaum
851 961 912 1022 pro
933 943 1127 1024 Martyridus
1146 977 1166 991 -
1188 945 1448 1005 Exhortationem
1462 943 1505 1004 ad
1526 961 1620 1002 mar-
1688 955 1689 960 ¹

394 1044 511 1119 tyrium
531 1076 551 1089 -
571 1043 730 1120 Epistolas
751 1041 866 1103 varias.

449 1143 553 1206 Luras
573 1141 736 1203 Srnvarus
756 1138 793 1220 (†
814 1139 886 1219 861)
907 1139 1054 1200 exaravit
1075 1141 1109 1202 L.
1133 1137 1170 1200 de
1191 1139 1290 1200 tribus
1310 1139 1539 1217 quaestionibus
1560 1139 1619 1198 sci-

388 1239 455 1300 licet
475 1239 512 1302 de
530 1239 622 1299 libero
643 1239 786 1310 arbitrio,
808 1237 845 1298 de
855 1237 1138 1315 praedestinatione
1159 1243 1188 1300 et
1206 1238 1244 1299 de
1264 1239 1427 1298 tardatione
1447 1239 1618 1314 sanpuinis

391 1337 506 1396 Christi
527 1371 543 1384 ·
567 1337 792 1398 Collectaueum
813 1335 850 1396 de
869 1335 975 1396 iisdem
997 1343 1026 1397 et
1046 1337 1211 1415 llpntolas.

449 1436 645 1499 Anasrssrris
667 1436 752 1496 Bran.
774 1433 810 1516 (i.
834 1453 861 1494 a.
885 1433 967 1514 870).
999 1435 1063 1496 Sub
1090 1435 1157 1495 eius
1189 1433 1311 1494 nomina
1340 1432 1616 1495 circumferuntur

392 1533 612 1610 Prolepomena
640 1533 683 1595 ad
712 1533 791 1593 nitas
818 1535 887 1593 ΕΗ.
921 1535 1110 1613 Pontificum
1132 1567 1149 1580 -
1175 1533 1350 1595 Viscellis.
1373 1533 1442 1592 ΡΡ.
1466 1565 1483 1579 -
1505 1533 1615 1609 Frap·

387 1640 526 1692 mentum
547 1633 584 1694 de
603 1635 673 1694 vitis
695 1633 765 1694 ΒΕ.
788 1633 858 1690 ΡΡ.
881 1651 902 1692 a
922 1631 959 1690 B.
981 1633 1075 1692 Petro
1091 1632 1133 1692 ad
1155 1633 1292 1692 Paulum
1306 1631 1329 1690 i.
1345 1661 1363 1677 -
1378 1631 1612 1706 Frapmentum

389 1731 533 1808 Catalopi
552 1733 744 1812 Pontificalis
763 1732 798 1790 in
821 1731 933 1806 Vipilio
954 1729 1095 1790 desinens
1109 1763 1125 1775 -
1140 1731 1308 1792 Praeterea
1328 1729 1396 1790 aius
1417 1747 1512 1808 opera
1535 1733 1613 1790 sunt

386 1829 606 1908 Interpretatio
625 1830 744 1908 Synodi
775 1825 852 1888 VIII
875 1829 1028 1903 perimatis
1048 1860 1065 1873 -
1086 1827 1164 1887 ltem
1184 1827 1304 1906 Synodi
1327 1827 1393 1887 VII.
1410 1862 1434 1876 ·-
1455 1829 1613 1906 Interpre-

344 1941 349 1952 ·
388 1929 464 1988 tatio
495 1929 718 2006 Chronolopiae
749 1927 782 1988 S.
813 1923 979 2004 Nicephori
1000 1959 1017 1971 -
1047 1925 1238 1986 Collectanea
1258 1959 1275 1970 -
1295 1926 1435 1987 Historia
1462 1927 1611 2004 acephala
1688 1977 1689 1980 ,

387 2025 575 2088 Sanctorum
606 2027 682 2106 Cyri
712 2033 741 2086 et
768 2025 894 2085 Ioannis
925 2024 1170 2103 Eleemosyuarii
1190 2055 1207 2070 -
1228 2023 1334 2084 Passio
1364 2026 1398 2085 S.
1425 2027 1575 2086 Demetrii
1593 2057 1608 2067 -

388 2131 459 2185 acta
478 2125 512 2184 S.
536 2124 697 2203 crispinae
722 2123 755 2183 V.
777 2130 806 2183 et
825 2123 871 2182 M.
891 2158 909 2168 -
935 2122 1108 2183 Translatio
1130 2123 1286 2183 Sermonis
1305 2122 1337 2182 S.
1364 2123 1515 2184 mercori
1528 2123 1604 2184 'Sta

388 2223 472 2284 ditae
492 2224 530 2284 de
549 2223 582 2282 S.
615 2222 853 2282 Bartholomaeo
885 2221 1027 2299 Apostoio
1050 2255 1066 2268 -
1089 2221 1246 2300 Epistulae
1275 2228 1335 2281 tres
1356 2253 1373 2266 -
1396 2221 1553 2298 Proiopus
1576 2223 1604 2280 in

390 2322 570 2382 Passionem
593 2319 682 2380 1480
705 2327 893 2398 martyrum.

447 2422 538 2482 Arra
559 2422 713 2482 Varianae.
742 2417 837 2501 (872).
869 2419 1006 2496 Scripsit
1029 2419 1210 2496 Capiiuiare
1235 2417 1419 2480 Verceltense
1441 2451 1458 2464 -
1479 2420 1549 2480 Lib.
1574 2417 1608 2478 de

389 2519 545 2578 Pressuris
574 2519 792 2579 Ecclesiasticis
812 2551 829 2562 -
852 2518 1073 2594 Espositiouem
1093 2517 1126 2575 in
1146 2517 1301 2594 Epistulas
1320 2517 1353 2578 S.
1383 2517 1479 2578 Pauli
1497 2551 1515 2563 -
1538 2517 1608 2578 Ser·

391 2634 494 2678 mones
516 2623 545 2675 et
565 2617 706 2694 epistates
728 2617 840 2676 varias.

449 2715 637 2776 THEODORUS
658 2716 806 2776 Arsacias
836 2713 877 2795 (c.
909 2735 936 2774 a.
959 2712 1030 2792 880)
1061 2713 1191 2791 scriptis
1224 2713 1426 2792 consignavit
1453 2715 1609 2790 Diaiapos,

389 2813 633 2885 dissertationes,
648 2813 869 2890 disputationes
882 2817 912 2872 et
924 2811 1095 2872 Solutiones
1112 2811 1330 2876 Quaestionum
1343 2821 1609 2875 controuersiarum

390 2929 460 2972 cum
478 2909 610 2984 Indaeis,
632 2913 806 2982 Saracenis,
837 2912 1029 2986 Oripenistis,
1050 2907 1254 2984 Nestoriam's,
1280 2911 1481 2988 Marianam,
1517 2912 1611 2973 Theo-

385 3011 532 3088 pasahitis
551 3013 584 3072 oi
604 3011 676 3071 aliis
697 3012 877 3072 haereticis.
1106 3023 1109 3028 “
1483 3080 1485 3084 .

449 3111 606 3172 Ranioms
633 3112 733 3172 Arari.
767 3111 865 3172 Luco.
886 3108 924 3190 (i
945 3106 1017 3185 873)
1044 3109 1163 3170 litteris
1190 3109 1353 3169 mandavit
1375 3109 1439 3168 Lib.
1462 3107 1500 3170 de
1514 3109 1612 3168 tribus

391 3207 613 3286 Episcoporum
640 3207 770 3288 epistolis
788 3242 806 3252 -
827 3208 977 3266 Libellum
998 3205 1035 3266 de
1065 3207 1197 3267 tenenda
1223 3207 1405 3284 Scripturae
1425 3209 1553 3268 ueritate
1583 3213 1609 3266 ei
1687 3213 1688 3270 ]

392 3305 538 3366 sectanda
557 3307 692 3366 Patrum
713 3307 897 3366 auctoritate
917 3339 934 3351 -
954 3306 1182 3365 Absolutionem
1202 3307 1386 3381 quaestionis
1414 3305 1452 3366 de
1471 3306 1609 3382 peuerati

393 3403 594 3464 damnatione
614 3405 702 3466 Adae
722 3411 752 3466 et
771 3405 896 3482 speciali
917 3404 1068 3482 ereptione
1091 3405 1265 3464 electorum.

446 3590 484 3636 Ad
501 3590 569 3637 idam
584 3591 701 3637 seculum
718 3590 849 3636 referendi
864 3591 925 3636 suni
940 3593 1130 3637 marcomanos
1146 3591 1191 3634 ΕΡ.
1201 3593 1409 3637 ornatissimas
1417 3590 1446 3646 (†
1454 3591 1503 3646 821)
1515 3593 1609 3639 auctor

395 3659 468 3706 Libri
485 3664 517 3706 ale
531 3663 637 3716 spiritu
650 3663 750 3708 Sancto
766 3685 778 3696 -
791 3664 824 3706 ele
841 3665 938 3706 oraine
959 3667 984 3706 et
1003 3666 1113 3708 ratione
1134 3666 1239 3708 rituum
1260 3664 1400 3716 Baptismi
1412 3685 1424 3694 -
1441 3665 1559 3716 capitul.
1575 3667 1610 3708 46

393 3733 431 3774 aa
446 3734 637 3788 Presouteros,
652 3736 678 3780 ct
694 3737 747 3779 lia.
762 3737 786 3779 6.
805 3735 975 3779 carminum.
990 3756 1003 3766 -
1018 3736 1179 3780 Brasarcras
1199 3737 1356 3778 ausarensis
1371 3734 1399 3790 (†
1412 3733 1461 3790 821)
1477 3735 1523 3792 qui
1538 3737 1609 3782 dedit

398 3802 523 3849 codicem
543 3807 569 3849 st
591 3805 773 3852 Concordiam
787 3809 950 3858 reputatum
965 3827 977 3838 ·
993 3808 1020 3850 L.
1036 3808 1247 3851 Paraenetieum
1268 3815 1303 3849 erc
1326 3807 1456 3850 Patriam
1471 3827 1485 3842 ·
1501 3809 1610 3852 Modum

395 3875 640 3922 Paenitentiarum.
654 3900 667 3910 -
683 3879 841 3923 sanniones
854 3880 940 3923 iacis
956 3877 986 3933 (a.
1002 3889 1027 3923 a.
1044 3879 1092 3933 sni)
1108 3876 1198 3923 edidit
1211 3878 1355 3921 Postillam
1371 3881 1400 3921 in
1422 3881 1572 3930 Eranaeiia
1586 3885 1610 3924 ei

396 3946 530 3998 Epistulas
546 3952 625 4002 apicii
638 3952 733 4002 diuini,
751 3953 827 3994 Viam
843 3953 948 4002 reniam
961 3953 987 3994 et
1001 3952 1132 3994 Diadema
1148 3947 1355 4002 monacharum,
1369 3953 1438 3994 Acta
1453 3953 1609 3996 collationis

395 4017 471 4060 Rom.
482 4018 515 4060 de
521 4023 696 4070 processione
709 4021 828 4074 Spiritus
838 4020 940 4066 Sancti.
951 4043 962 4052 -
971 4023 1128 4067 insonamus
1142 4020 1266 4065 Srumrrs
1275 4019 1303 4074 (†
1312 4020 1360 4073 826)
1373 4019 1430 4076 eius
1440 4031 1522 4078 opera
1533 4025 1608 4068 suni:

395 4086 537 4132 sermones
556 4091 716 4136 Oatecnetiei
732 4097 758 4136 et
775 4094 928 4136 catechesis
940 4102 1032 4145 parua
1045 4114 1057 4126 ·
1075 4093 1216 4137 orationes
1228 4093 1257 4134 in
1272 4095 1375 4136 cultum
1391 4091 1485 4137 druais
1499 4097 1526 4136 et
1540 4097 1610 4140 Ima-

396 4160 491 4208 ainum
500 4179 513 4192 ·
523 4161 655 4206 Enoomia
664 4167 827 4208 sanatorum
840 4185 852 4194 -
869 4165 1069 4208 Testamentum
1084 4165 1121 4208 ad
1137 4165 1285 4214 discipulos
1295 4184 1307 4196 -
1317 4164 1454 4216 Epistolae
1469 4169 1495 4208 et
1508 4167 1610 4222 Hymni

396 4231 477 4275 varii.
491 4231 657 4277 Niasrrronus
670 4235 752 4278 Para.
767 4233 921 4290 cpolitanus
937 4235 1028 4289 &8281
1045 4232 1159 4291 posteris
1178 4232 1317 4278 mandarit
1335 4234 1548 4288 Olrranoloaiam
1562 4244 1610 4283 tri-

394 4303 530 4351 partitam
544 4322 556 4334 ·
570 4304 744 4364 Breviarlnm
758 4307 894 4349 Historiae
908 4327 920 4338 -
937 4307 1071 4358 opuscula
1085 4306 1104 4348 4
1119 4309 1218 4348 contra
1239 4307 1432 4350 iconomachos
1445 4328 1457 4339 ·
1475 4295 1610 4368 dumanas,

397 4371 547 4416 breviculas
561 4376 659 4418 varlas.
674 4395 701 4408 -
715 4376 885 4422 Eotnasnnas
899 4376 934 4430 (a.
951 4385 976 4421 a.
991 4376 1039 4430 855)
1056 4374 1127 4420 dedit
1143 4378 1272 4421 Libellum
1286 4379 1319 4421 aa
1335 4379 1484 4424 adoranda
1501 4382 1586 4428 llrace
1598 4407 1609 4416 -

397 4441 446 4486 Li.
461 4444 527 4486 ‹ivde
546 4445 689 4488 miraculis
703 4446 860 4492 Marcellini
880 4451 907 4491 et
929 4449 1003 4492 Patri
1016 4469 1029 4479 -
1044 4449 1162 4492 Annales
1177 4449 1279 4501 Pipini,
1297 4451 1392 4494 Caroli
1412 4455 1438 4494 et
1457 4455 1585 4500 Ludaolai
1598 4477 1609 4488 -

401 4512 488 4558 Vitam
503 4512 595 4558 Caroli
608 4517 701 4567 Maeni
715 4537 723 4550 ·
738 4519 875 4570 Epistoias
889 4522 991 4563 uarias.
1002 4539 1029 4552 -
1038 4518 1190 4568 Mrrsooms
1204 4521 1351 4567 corrasam
1362 4521 1390 4577 (†
1403 4523 1452 4578 847)
1464 4517 1548 4571 edidit
1563 4529 1607 4573 iia-
1686 4571 1687 4578 ,

397 4591 483 4627 nones
506 4587 715 4632 Paenitentiales
728 4610 741 4620 -
759 4589 898 4633 Orationes
911 4611 924 4622 ·
938 4592 1071 4636 Eunomia
1092 4590 1267 4638 sauctorum.
1282 4615 1308 4628 -
1324 4595 1441 4640 Micam.
1462 4597 1607 4647 smectica
