3466 5362
149 393 291 452 Venetiis
314 395 389 454 1701
411 399 444 455 et
470 395 582 456 melius
611 395 687 454 1774
714 299 769 456 ΐῗιῗ.
786 429 803 442 -
825 397 851 458 Ι.
880 396 911 455 S.
935 395 1052 456 semler
1078 396 1175 457 Halae
1202 396 1350 456 1770·76.

137 495 166 553 6.
180 493 244 552 vol.
258 493 290 550 in
304 493 339 551 8⁰
355 510 467 554 recusa
477 493 551 554 ibid.
566 491 706 556 leae-29.
720 494 910 572 Virgeburg.
926 494 1199 572 1780-81.Lipsiae
1210 494 1349 556 1839-41.

211 626 335 672 Eiusdem
345 627 446 672 aetatis
461 628 523 673 sunt
538 629 703 674 Tesseninos
717 626 762 684 qul
776 625 984 673 commentarios
998 625 1081 672 edidit
1090 624 1118 672 ln
1127 624 1263 684 Epistolas
1278 627 1337 674 Pau
1349 647 1361 660 ·

129 699 204 745 linas
221 722 229 732 ·
245 699 374 744 csuornus
388 697 433 756 qul
449 699 585 746 tractatus
595 697 743 755 composuit
759 698 785 744 ln
801 699 968 744 lixaemeron
983 719 996 732 ·
1009 702 1106 744 areton
1120 697 1147 743 in
1162 698 1251 744 eodem
1269 707 1354 756 argu·

129 772 220 816 mento
236 769 360 814 versatus
375 771 496 815 -sextus
512 770 607 816 auctor
632 767 698 814 libri
719 769 750 814 de
766 769 970 815 assurrectione
988 791 999 803 ·
1017 772 1169 816 anserinus
1183 768 1228 826 qui
1244 769 1275 814 de
1290 769 1354 825 dog-

130 841 205 886 mate
220 839 329 896 scripsit
343 862 355 872 ·
369 841 491 888 Maximus
512 839 557 897 qul
579 839 761 897 quaestionem
781 839 812 886 de
831 839 936 898 origine
956 839 1024 886 mali
1046 840 1118 896 apud
1136 839 1307 897 philosophos
1324 840 1352 885 et

129 913 235 970 primos
248 910 455 957 haeresiarchas
470 911 602 958 ramosam
613 910 711 969 insigni
721 911 856 958 volumine
870 911 1033 970 exagitarit.
1044 913 1144 958 Torum
1159 913 1250 958 tamen
1266 919 1352 968 opera

131 985 165 1030 ad
181 995 228 1029 uos
243 994 293 1042 nop
308 984 494 1039 pervenerunt.

613 1196 796 1261 SAEOULO
817 1199 873 1260 ΙΙΙ.

189 1493 363 1554 Auouruus
382 1491 544 1566 Resatatio
573 1492 711 1552 omnium
732 1494 893 1553 moerere
912 1492 1024 1574 (titulo
1044 1492 1353 1570 philosophumenon

132 1588 230 1668 edita)
254 1589 264 1630 ¹
291 1591 375 1666 Opus
403 1593 507 1650 aetate
531 1593 692 1666 pervetus,
723 1591 859 1652 editione
890 1608 1011 1662 recens,
1037 1591 1177 1667 idemque
1211 1590 1352 1650 auctoris

133 1689 296 1749 admodum
324 1690 536 1760 controversi,
557 1689 638 1764 quod
658 1691 694 1748 de
715 1690 843 1766 placitis
869 1689 1136 1767 philosophorum,
1159 1690 1195 1749 dc
1216 1689 1351 1749 astrolo·
1429 1727 1432 1732 -

134 1805 247 1865 goram
265 1787 462 1860 commentis,
485 1787 520 1845 de
541 1787 820 1865 praestigiatorum
841 1788 977 1860 technis,
1000 1789 1037 1847 de
1057 1787 1220 1866 mysteriis
1250 1787 1376 1852 hiero.

137 1886 290 1963 phantum
311 1886 407 1961 deque
428 1884 658 1945 haereticorum
680 1885 841 1946 erroribus
861 1885 930 1964 agit
950 1904 987 1946 ea
1007 1889 1122 1959 mente,
1150 1890 1189 1946 ut
1208 1885 1352 1964 singulas

133 1986 279 2045 haereses
301 1982 429 2044 refutet.

191 2085 286 2144 Carus
306 2081 344 2163 (i.
367 2101 395 2142 a.
423 2080 507 2160 202).
537 2083 663 2158 Scripta
690 2082 757 2142 eius
778 2085 843 2143 tria
863 2083 945 2170 apud
972 2083 1103 2144 Veteres
1131 2081 1348 2155 celebrantur,

135 2181 259 2241 scilicet
278 2181 387 2240 Parva
409 2181 620 2258 Labyrinthos
638 2180 790 2241 adversus
809 2181 990 2241 Artemonis
1011 2185 1044 2241 et
1064 2181 1216 2264 Theodoti
1244 2181 1371 2262 haere·

136 2281 218 2338 sim·
236 2280 383 2355 Dialogus
410 2285 520 2338 contro
540 2279 709 2340 Proculum
738 2279 977 2352 Montaniatam,
999 2283 1032 2339 et
1050 2280 1120 2339 Lib.
1144 2279 1182 2340 de
1218 2278 1355 2340 Uatrerae⁸

135 2385 262 2438 actara.
284 2379 403 2438 Horum
424 2395 552 2455 operum
572 2378 697 2438 nonnisi
718 2375 896 2458 fragmenta
916 2383 1094 2456 supersunt.
1125 2379 1353 2456 Fragmentum

133 2497 255 2555 quoque
275 2479 312 2537 de
333 2473 449 2536 canone
478 2477 716 2554 scripturarum
746 2496 765 2536 a
785 2477 961 2538 Muratorio
992 2481 1206 2554 repertumst
1234 2476 1353 2536 editum

132 2576 208 2636 huic
238 2576 314 2638 Gaio
344 2575 539 2648 vindicatur,
572 2579 665 2652 atque
686 2593 725 2634 ex
751 2576 851 2636 citato
879 2576 1012 2654 Dialogo
1042 2576 1257 2653 depromptum
1286 2573 1352 2635 cen'·

116 2677 234 2736 ‘satur

192 2775 301 2837 Icarus
321 2774 501 2836 Armesuus
520 2770 557 2853 (i.
581 2791 609 2832 a.
632 2771 715 2852 220).
738 2773 945 2850 Praecipuum
966 2773 1035 2832 eiua
1056 2790 1134 2850 epus
1150 2777 1200 2833 est
1217 2772 1353 2833 Chrono-

130 2860 269 2949 prcpbia
290 2873 358 2932 sive
379 2872 458 2940 Lib„
471 2869 500 2930 5.
524 2870 562 2932 de
577 2872 773 2949 temporibus,
796 2871 829 2930 in
843 2871 959 2948 quibus
972 2871 1010 2932 ab
1025 2871 1098 2930 orbe
1114 2871 1241 2931 condito
1256 2889 1354 2948 usque

131 2973 171 3032 ad
192 2989 308 3031 annum
330 2971 418 3032 cirea
437 2970 496 3032 220
517 2969 700 3047 praecipuos
721 2973 853 3029 eventus
875 2973 1073 3046 posterorum
1093 2969 1260 3030 memoriae
1282 2987 1355 3028 con-

135 3069 286 3145 signarit.
310 3071 393 3147 Opus
415 3069 474 3128 hoo
496 3068 558 3127 iam
587 3067 706 3144 pridem
735 3067 910 3135 intercidit,
931 3067 1071 3144 exceptis
1099 3067 1259 3127 nonnullis
1289 3065 1354 3126 ira-

136 3168 281 3245 gmeutis.
301 3171 467 3229 Praeterea
487 3169 595 3226 exstat
615 3183 687 3242 pars
719 3165 785 3224 eius
816 3164 967 3242 epistolae
988 3167 1027 3225 ad
1052 3165 1210 3243 Originem
1234 3167 1270 3224 de
1292 3165 1356 3225 Su-

136 3284 252 3326 sannae
266 3267 399 3327 historia
416 3267 496 3343 apud
510 3263 682 3337 Danielem,
697 3282 789 3340 quam
805 3263 1053 3324 commentitiam
1074 3279 1143 3323 esse
1157 3262 1352 3340 suspicatur,

133 3366 187 3425 sed
207 3382 344 3426 errorem
365 3366 433 3443 ejus
455 3381 527 3424 mox
558 3363 683 3423 erudita
709 3363 844 3440 epistola
867 3363 1009 3423 correxit
1035 3362 1194 3439 Origines3
1217 3365 1249 3421 et
1277 3379 1351 3439 pars

130 3464 281 3540 epistolae
302 3467 340 3526 ad
360 3462 532 3524 Aristidem
562 3463 598 3521 de
629 3463 793 3539 apparenti
820 3461 1031 3541 discrepantia
1050 3463 1135 3522 inter
1154 3461 1353 3522 Matthaeum

128 3567 162 3622 et
182 3564 300 3623 Lucam
322 3564 354 3622 in
376 3561 557 3640 genealogia
578 3561 719 3634 Christi3
748 3561 879 3637 denique
902 3579 975 3638 pars
998 3579 1037 3622 aar
1057 3561 1125 3622 Lib.
1147 3559 1184 3620 de
1206 3560 1354 3637 passione

63 3695 72 3716 .
129 3661 163 3720 S.
187 3662 413 3740 Symphorosac
434 3667 463 3720 et
481 3660 618 3738 filioram
639 3661 711 3720 eius.

189 3759 356 3822 Mmurrus
377 3759 475 3820 anrx
494 3755 544 3838 (i.
566 3777 593 3818 a.
617 3757 712 3838 229).
738 3760 874 3838 Scripsit
903 3761 1074 3834 Octaviam,
1103 3777 1156 3820 seu
1185 3759 1352 3838 Dialogum

129 3857 217 3916 inter
239 3855 408 3918 Caecilium
429 3856 578 3935 gentilem
598 3861 632 3917 et
652 3857 819 3918 Octavium
841 3858 1062 3919 christianum.

184 4062 202 4114 1¹
211 4063 266 4108 Hac
280 4063 312 4108 de
326 4073 356 4108 re
369 4063 402 4109 oi.
424 4063 561 4122 egregium
583 4063 810 4110 commentarium
828 4065 862 4110 cl.
872 4067 902 4110 P.
912 4066 1042 4123 Torquati
1061 4067 1200 4114 ermellini
1211 4071 1236 4114 s.
1246 4069 1267 4114 i.
1276 4067 1348 4114 Prot.

129 4131 198 4178 Hist.
213 4133 283 4179 ls'ccl.
298 4134 325 4180 in
339 4135 404 4180 coll.
418 4137 539 4182 Romano
552 4152 566 4176 a
579 4135 614 4180 De
629 4133 719 4192 prisea
734 4134 897 4182 refutatione
910 4137 1055 4183 haereseon
1065 4137 1188 4194 origenis
1197 4139 1302 4185 nomine
1314 4149 1347 4185 ao

128 4204 389 4262 philosophumenon
404 4205 485 4252 titulo
495 4207 615 4264 vulgata.
624 4219 638 4246 a
647 4209 675 4250 In
686 4205 734 4252 hoo
749 4217 828 4263 opere
837 4209 871 4254 cl.
883 4209 1021 4255 Professor
1037 4211 1179 4267 postquam
1196 4209 1349 4256 doctissime

127 4276 247 4322 ostendit
262 4276 331 4322 hauc
345 4277 575 4324 elucubrationem
598 4287 681 4334 neque
702 4277 814 4335 origini,
835 4290 920 4336 neque
941 4281 1013 4335 caio,
1037 4291 1120 4338 neque
1141 4281 1286 4338 hyppolito
1300 4279 1351 4326 trl·

129 4344 264 4392 brendam
278 4358 343 4401 esse,
351 4348 494 4404 concludit,
504 4349 572 4406 quod
582 4359 716 4406 quousque
726 4361 777 4394 nou
788 4350 928 4396 diluantur
938 4362 970 4398 ea
982 4351 1120 4398 rationum
1129 4353 1351 4408 momenta,quae

129 4417 330 4464 Tertullianum
345 4420 484 4465 auctorem
497 4419 652 4476 excludunt,
670 4431 721 4466 uon
737 4420 808 4467 allus
822 4424 909 4479 potest
932 4422 1068 4469 nominari
1083 4422 1212 4480 ejusmodi
1233 4421 1352 4479 scriptor

128 4490 439 4606 {namtietudiosleeiruus
453 4490 499 4538 ille
513 4490 638 4540 imitator
654 4491 824 4548 Tertulliani,
839 4492 960 4550 idemque
974 4494 1078 4552 primus
1093 4493 1191 4550 pseudo
1205 4515 1218 4527 ·
1229 4492 1348 4550 pontifex

153 4569 206 4606 ova
234 4571 309 4608 anus.
769 4565 771 4572 '
1178 4565 1192 4609 3
1256 4563 1259 4570 “
