3466 5362
895 331 1035 390 ...6.-

505 479 700 548 seucum
722 480 795 548 vn.
1044 427 1201 582 ffls
1226 427 1268 492 ν’
1505 425 1574 578 sss

410 598 627 667 SABINIANits.
863 594 929 659 604
988 604 1021 670 S.
1048 603 1192 682 Saenius
1216 603 1242 666 Ι.
1510 602 1575 669 687

409 688 615 756 BONIFAOIUS
637 684 695 748 ῙΠ·
862 684 927 748 607
1098 692 1215 758 Petras
1238 705 1267 760 et
1288 692 1481 759 Theodorus.

351 775 385 842 S.
410 777 615 844 Bonivnmus
637 774 694 840 IV.
713 773 723 816 ¹
863 772 928 837 608
1102 781 1158 824 ant.

352 864 385 930 δ’
409 865 614 1021 666666
640 953 682 1020 v.
770 991 787 1026 .
861 861 928 1015 sss
1112 921 1307 990 sinente
1330 925 1419 992 vm.

410 1042 586 1110 Honomns
612 1042 638 1106 Ι.
656 1039 670 1080 ²
755 1111 757 1114 ,
860 1037 926 1104 625
1051 1050 1200 1118 tonsuras
1222 1052 1280 1118 VI.

408 1130 610 1200 Snvsnnvus.
862 1127 928 1192 640
1044 1139 1192 1206 1666666
1219 1140 1295 1206 VII.

409 1220 557 1288 Ioluuns
579 1220 636 1286 IV.
862 1215 928 1280 646
1044 1225 1225 1296 81666666.

411 1309 610 1377 1116666666
631 1307 657 1370 Ι.
862 1303 928 1369 642
1047 1313 1323 1383 066666661666.

351 1393 384 1458 S.
398 1396 592 1465 Mlnmuus
614 1395 639 1458 Ι.
659 1393 672 1436 ³
862 1392 927 1458 649
986 1401 1019 1466 S.
1045 1403 1240 1472 (lanceatus
1263 1405 1305 1468 ΙΙ.

351 1482 384 1547 S.
410 1479 586 1553 Eucnu'rus
608 1484 634 1547 Ι.
860 1481 927 1548 654
986 1489 1019 1556 S.
1046 1492 1241 1560 Gancomus
1264 1493 1320 1558 ΙΙΙ.

351 1569 634 1642 S.V1vsnmuus.
863 1569 927 1636 657
987 1579 1019 1645 S.
1046 1584 1280 1649 thHAalhs.4

407 1661 622 1730 Annonsvus.
745 1692 749 1700 ·
861 1658 927 1726 672
1045 1669 1245 1738 Snnrssuus
1268 1667 1310 1732 II.
1329 1668 1342 1710 ⁵

408 1751 522 1819 Itonos
544 1753 570 1816 I.
862 1747 926 1814 676
1102 1758 1189 1824 Obiit
1215 1758 1355 1824 nondum
1380 1778 1485 1824 conee-

349 1837 382 1902 S.
409 1839 564 1908 Aesruo.
860 1837 925 1903 678
1098 1859 1218 1922 cretus,
1237 1861 1265 1911 et
1282 1847 1350 1912 ideo
1367 1868 1385 1912 6
1402 1848 1483 1912 serie

349 1927 382 1993 S.
409 1929 477 1996 Lito
501 1930 542 1995 ΙΙ.
860 1923 926 1992 682
1095 1935 1289 2013 1666716666
1352 1937 1484 2020 quidam

349 2017 381 2082 S.
407 2020 622 2087 Burneianus
644 2019 686 2082 ΙΙ.
860 2014 925 2080 684
1096 2044 1167 2088 eant
1190 2025 1374 2090 6666766661.
1545 2025 1549 2032 ’

349 2221 416 2255 rom.
432 2211 526 2267 pontif.
541 2223 601 2257 eum
617 2212 875 2270 constantinopolim
891 2215 1037 2261 destinavit
1053 2227 1113 2261 oum
1129 2228 1238 2262 munere
1252 2215 1430 2273 apocrisiarii
1447 2217 1482 2262 ad
1496 2216 1574 2262 Tibe·

351 2281 424 2326 rium
439 2284 642 2328 constantinum
657 2285 863 2340 Imperatorem,
878 2284 968 2341 ibique
989 2287 1149 2342 Eutychlum
1170 2287 1326 2344 Episcopum
1347 2286 1573 2342 costantinopoli-

350 2355 444 2399 tanum
466 2355 497 2399 66
519 2354 716 2400 resurrectione
738 2354 830 2400 carnis
855 2356 934 2402 male
962 2357 1118 2402 sentientem
1139 2357 1254 2402 convicit
1282 2368 1314 2402 ac
1343 2357 1457 2402 meliora
1477 2367 1573 2414 sapere

350 2424 449 2471 docuit.
463 2425 575 2480 Pelagio
590 2426 612 2469 11
627 2423 757 2478 defuncto,
773 2425 896 2470 suffectus
917 2427 956 2470 est
972 2426 999 2470 in
1020 2428 1153 2474 cathedra
1169 2427 1328 2478 pontificali,
1351 2428 1378 2472 in
1399 2439 1452 2484 qua
1467 2436 1573 2475 summa

349 2506 416 2542 cura
432 2495 552 2541 incubuit
568 2497 597 2540 ut
613 2496 761 2541 schismata
776 2496 810 2540 ob
825 2507 937 2542 causam
951 2497 1044 2542 Trium
1060 2498 1247 2555 capitulorum
1263 2499 1358 2544 exorta
1375 2509 1572 2556 compesceren-

350 2571 404 2614 tur.
420 2567 598 2613 subdiaconos
612 2566 730 2612 caelibes
744 2577 800 2612 esse
823 2566 922 2624 voluit;
944 2567 1084 2624 prohibuit
1099 2580 1131 2614 ne
1145 2569 1237 2615 ludaei
1255 2569 1281 2612 vi
1297 2568 1522 2626 compellerentur
1538 2571 1573 2616 ad

350 2638 545 2695 suscipiendam
560 2630 740 2684 christianam
749 2638 834 2694 ildem3
848 2639 956 2684 Ioannis
970 2639 1132 2686 ieiunatoris
1146 2640 1269 2697 Episcopi
1284 2641 1572 2697 constantinopolitani

351 2709 506 2766 superbiam
522 2709 605 2768 fregit
627 2711 673 2767 qui
695 2709 857 2756 oecumenici
877 2711 1001 2768 Episcopi
1023 2711 1076 2757 sibi
1091 2711 1202 2756 titulum
1224 2713 1421 2768 usurpaverat3
1436 2723 1520 2768 eaque
1541 2713 1572 2760 de

350 2791 434 2827 causa
450 2781 568 2828 omnium
583 2781 688 2838 primus
702 2782 730 2826 16
751 2780 883 2838 principio
897 2781 1081 2838 Epistolarum
1096 2791 1208 2828 suarum
1224 2781 1333 2826 titulum
1343 2782 1573 2840 assumpsitderot

349 2853 498 2897 seruorum
513 2855 570 2906 Det,
586 2863 639 2909 qua
655 2864 685 2899 re
699 2853 813 2910 pessime
828 2852 906 2899 abusi
921 2854 983 2898 sunt
999 2854 1183 2900 protestantes
1203 2853 1339 2910 putantes,
1354 2854 1513 2910 Gregorinm
1528 2856 1573 2900 do-

349 2925 467 2971 ctrinam
484 2936 537 2970 non
553 2925 669 2970 tenuisse
684 2925 715 2970 66
730 2923 853 2980 primatu
869 2924 975 2970 romani
991 2925 1168 2972 pontificis·
1182 2924 1392 2982 &angustinum
1404 2923 1523 2982 aliosque
1533 2937 1574 2971 re·

351 2995 462 3051 11616666
476 2995 582 3040 ordinis
596 2998 621 3041 S.
636 2994 769 3041 Benedicti
784 2995 811 3040 in
826 2994 951 3053 angliam
965 2994 1050 3050 misit,
1065 2996 1111 3053 qui
1126 2997 1324 3054 anglosaxones
1339 2995 1373 3041 ad
1391 2996 1571 3042 christianam

349 3066 427 3128 fidem
442 3068 634 3124 perduxerunt.

418 3140 428 3182 l
444 3144 465 3183 A
478 3139 567 3184 Phooa
580 3140 748 3196 Imperatore
770 3139 915 3193 Pantheon,
930 3139 1019 3194 nobile
1033 3143 1135 3186 Romae
1156 3139 1298 3184 delubrum
1314 3149 1331 3185 a
1346 3139 1436 3184 Marco
1451 3137 1570 3194 Agrippa

351 3209 393 3253 ter
407 3210 515 3254 consule
530 3212 649 3267 tempore
663 3210 777 3268 Augusti
791 3213 911 3256 erectum
926 3210 1095 3266 impetravit,
1118 3210 1237 3267 illudque
1252 3213 1303 3254 Deo
1320 3209 1348 3253 in
1363 3209 1489 3254 honorem
1507 3212 1572 3254 Bea-

350 3277 472 3324 tissimae
486 3283 516 3324 V.
531 3281 644 3334 Mariae,
660 3292 692 3326 66
706 3281 826 3325 omnium
843 3284 999 3325 sanctorum
1015 3283 1171 3334 martyrum
1187 3279 1362 3324 consecravit.

415 3351 428 3392 2
443 3349 469 3393 Si
485 3351 593 3394 testium
609 3349 795 3405 factorumque
810 3352 890 3394 Sexta
899 3351 1001 3404 synodo
1012 3350 1191 3394 vetustiorum
1203 3349 1275 3394 ratio
1286 3349 1430 3402 habeatur,
1438 3349 1572 3394 Honorius

349 3419 469 3464 Pontifex
485 3420 519 3465 ab
534 3421 607 3464 omni
621 3421 763 3466 haereseos
778 3421 841 3466 labe
855 3420 982 3465 immunis
996 3419 1138 3466 evincitur.
1159 3420 1225 3464 Hinc
1239 3418 1371 3474 Episcopi,
1385 3419 1472 3474 quoad
1487 3421 1574 3464 maxi-

350 3500 423 3534 mam
439 3492 547 3546 partem
570 3491 721 3536 orientales
741 3490 787 3546 qui
809 3490 954 3535 Honorium
977 3491 1004 3534 in
1026 3491 1077 3536 illa
1098 3491 1200 3546 Synodo
1221 3489 1395 3541 damnarunt,
1415 3489 1478 3534 licet
1499 3489 1525 3534 in
1541 3499 1570 3534 rc

350 3559 505 3615 dogmatica
521 3561 580 3617 post
595 3561 688 3606 Leonis
702 3563 726 3604 11
741 3561 838 3606 literas
853 3571 986 3607 summam
1002 3561 1182 3606 reverentiam
1199 3560 1364 3611 mereantur,
1379 3559 1463 3604 deseri
1481 3561 1571 3606 tamen

350 3631 445 3676 debent
461 3630 488 3674 16
503 3641 532 3675 re
547 3631 687 3685 historica,
703 3642 771 3687 quae
794 3633 828 3676 66
844 3631 954 3676 Honorii
976 3642 1117 3687 personam
1140 3630 1264 3686 pertinet.
1280 3651 1307 3664 -
1320 3630 1461 3674 caeterum
1482 3633 1507 3676 S.
1521 3633 1571 3676 Leo

350 3701 474 3758 permisit
490 3701 605 3759 quidem,
620 3704 724 3748 sextam
739 3703 870 3758 Synodnm
880 3703 1050 3756 confirmans,
1060 3703 1260 3747 damnationem
1273 3701 1366 3756 ipsius,
1376 3701 1420 3745 sed
1434 3701 1572 3746 66161616-

350 3771 435 3818 rabili
450 3773 565 3827 quodam
581 3783 658 3818 sensu
674 3773 845 3829 temperavit,
860 3773 906 3828 qni
927 3772 1041 3818 veritati
1066 3785 1116 3818 non
1131 3773 1307 3828 repugnaret,
1331 3773 1411 3826 atque
1426 3771 1570 3816 Honorium

351 3844 509 3888 damnatum
525 3843 627 3887 censuit
640 3845 677 3889 ab
693 3843 880 3896 orientalibus,
895 3855 926 3888 eo
940 3844 1009 3899 quod
1024 3844 1161 3888 dammam
1177 3841 1308 3888 haeretici
1324 3841 1459 3897 dogmatis
1474 3853 1525 3885 non
1539 3845 1569 3886 ut

352 3915 440 3959 decuit
456 3915 634 3969 apostolicam
650 3915 852 3969 auctoritatem,
867 3914 1037 3970 incipientem
1053 3914 1176 3967 extinxit,
1191 3914 1235 3958 sed
1251 3911 1407 3969 negligendo
1416 3911 1532 3957 confovit
1544 3935 1570 3945 -

352 3987 406 4030 llac
422 3985 453 4028 66
468 3995 498 4029 re
512 3984 544 4028 cf.
560 3986 594 4030 cl.
610 3989 636 4030 P.
646 3985 810 4030 Dominlcum
819 3985 950 4030 Palmieri
960 3987 1011 4028 S.1.
1021 3985 1047 4029 in
1063 3978 1126 4030 coll.
1137 3982 1570 4040 1166666666.Ρ661.166666ς1ο

351 4067 399 4101 suo
413 4057 545 4116 'tractatu
560 4057 591 4100 de
606 4059 726 4102 Romano
741 4058 866 4102 Pontitioe
881 4056 1035 4113 nuperrime
1050 4058 1120 4112 typis
1135 4057 1216 4102 edito.

417 4128 430 4170 3
444 4127 632 4174 condemnavit
647 4129 778 4172 ltcthesim
794 4139 825 4172 ac
840 4131 951 4184 Typum,
961 4138 1074 4184 eamque
1088 4128 1121 4172 ob
1136 4137 1381 4172 causam-summas
1395 4127 1571 4173 calamitates

351 4209 491 4256 perpessus
507 4198 579 4244 6616
594 4199 783 4244 chersonesum
800 4199 938 4255 relegatus
953 4198 1081 4253 martyrii
1096 4189 1219 4254 palmam
1234 4198 1347 4254 adeptus
1361 4200 1409 4242 est.

416 4269 526 4314 4116166
540 4269 664 4326 precibus
679 4270 802 4314 inductus
818 4270 998 4325 huitprandus
1013 4269 1250 4325 Longobardorum
1266 4279 1312 4312 rex
1323 4269 1504 4316 lixarchatum
1514 4272 1571 4315 Ra·

352 4342 540 4386 vennatensem
555 4341 613 4385 sedi
629 4343 766 4386 Romanae
781 4340 910 4385 restituit.
1281 4345 1285 4352 “

338 4453 341 4458 .
416 4413 579 4459 taurinum
594 4411 683 4469 Pipini
707 4413 835 4474 adversus
850 4412 1023 4468 aistulphum
1038 4410 1275 4467 Longobardorum
1296 4421 1386 4467 regem
1401 4410 1570 4466 imploravit,

351 4484 397 4541 qui
412 4495 472 4530 cum
487 4485 603 4531 exercitu
618 4485 645 4530 16
659 4483 771 4530 Italiam
782 4483 888 4528 veniens
898 4483 1080 4528 lixarchatum
1090 4484 1116 4527 et
1127 4482 1255 4538 quidquid
1266 4482 1351 4528 armis
1361 4483 1570 4537 recuperaverat

348 4551 518 4614 ¹spostolicae
532 4557 591 4602 Sedi
606 4555 735 4602 restituit.
750 4554 815 4598 11166
829 4554 950 4599 ellectum
964 4555 1014 4606 est,
1029 4557 1058 4597 ut
1073 4563 1141 4609 quae
1152 4552 1312 4609 iampridem
1327 4563 1427 4608 magua
1442 4555 1565 4607 exparte

353 4634 380 4675 in
395 4631 450 4672 Rit.
464 4629 603 4674 Pontifices
617 4615 710 4684 sponte
724 4636 773 4671 sua
787 4626 905 4671 cesserat
928 4626 1039 4680 politica
1061 4626 1188 4680 potestas,
1209 4635 1241 4672 ea
1262 4624 1350 4670 medio
1370 4624 1458 4668 seculo
1473 4629 1569 4670 octavo
