3404 5360
380 411 559 471 Oardinalia
578 413 611 470 in
631 421 692 470 aea*
710 410 802 469 libros
830 407 995 470 damiata
1012 441 1033 456 -
1052 410 1096 468 Dc
1121 409 1226 469 Saarna
1250 409 1392 468 Basilicia
1416 409 1473 470 SS.
1500 411 1591 472 Mar-

372 515 477 588 tyrum
497 509 586 569 Petri
604 516 635 570 et
653 508 831 569 Marcellini
850 505 1023 567 decantatio
1043 508 1190 567 historica
1204 537 1220 554 ··
1234 508 1315 567 Acta
1327 507 1384 568 SS.
1406 508 1590 588 Martyrum

372 607 483 668 11666611
503 615 533 668 61
551 608 701 667 annornm
723 624 766 667 en
780 623 850 666 mss.
879 606 1030 667 6661161166
1048 607 1172 666 Bibliot.
1200 605 1591 669 marceo-nanneticam

371 735 389 753 ·
410 706 580 784 Apotoaiae
595 723 656 784 pro
670 707 747 766 actia
760 721 866 766 eornm
879 705 1066 766 Sanctorum
1079 737 1096 752 -
1111 705 1191 767 Acta
1203 705 1236 766 S.
1255 706 1406 767 Caeciliae
1426 713 1455 767 et
1477 705 1592 766 11666·

370 806 502 866 tiberina
522 805 647 865 basilica
661 805 824 878 illustrata
842 835 863 848 -
883 803 931 862 La
951 805 1059 864 critica
1080 803 1114 862 di
1133 803 1243 880 oppidi
1262 806 1340 866 assia
1362 803 1485 866 tarino
1506 804 1590 866 della

310 907 313 912 '
369 904 481 964 6611166·
497 903 637 963 odierna.

428 1002 584 1064 06666666
604 1001 728 1063 rinnai
749 999 786 1080 (1
808 996 908 1078 1723).
925 999 1018 1060 Dedit
1031 999 1198 1060 historiam
1218 999 1466 1060 ecclesiasticam
1490 1017 1592 1076 usque

369 1101 407 1161 ad
427 1117 542 1160 annum
565 1100 651 1160 1414.
674 1117 752 1176 quac
773 1101 822 1157 661
842 1101 992 1175 66666166
1012 1097 1188 1158 coniuratio
1202 1097 1236 1156 16
1257 1097 1427 1174 primatum
1448 1101 1593 1176 616616-

369 1201 483 1258 616166
497 1197 585 1258 Scdis
612 1195 811 1274 Apostolioae
828 1227 851 1241 -
870 1196 972 1256 Mores
992 1195 1208 1257 israelitarum
1236 1203 1267 1256 et
1294 1195 1543 1257 Christianorum
1570 1228 1589 1242 -
1686 1193 1687 1242 1

369 1295 579 1356 Institntionea
591 1297 670 1354 iaris
683 1295 871 1356 ecclesiactici
884 1298 916 1354 et
931 1295 1177 1356 Gathectiamam
1190 1295 1379 1356 historicam.
1397 1295 1508 1357 Omnia
1521 1295 1593 1356 6166

371 1408 466 1470 opera
486 1394 519 1452 in
545 1392 863 1470 multiscastiganda
884 1397 968 1453 sunt.
1178 1461 1180 1466 .

428 1492 616 1554 1166666666
643 1490 715 1552 Van
733 1491 834 1551 lisera
854 1489 892 1571 (†
913 1485 1013 1569 1728).
1029 1490 1139 1550 Seciae
1158 1489 1362 1552 Iansoaianae
1382 1490 1527 1552 addictus
1554 1492 1590 1550 in

367 1587 467 1648 lucem
487 1589 572 1649 dedit
591 1589 644 1648 Ins
663 1589 896 1649 ecclesiasticam
914 1589 1101 1650 nniversam.
1686 1589 1687 1606 ²

426 1688 599 1750 1166166666
608 1689 763 1748 Μ666666
779 1687 874 1748 cora.
888 1687 920 1746 S.
933 1687 1040 1764 116661
1054 1685 1092 1767 (1
1108 1683 1208 1764 1731).
1222 1684 1298 1746 11166
1312 1703 1406 1764 opera
1420 1687 1593 1764 praecipua

367 1787 442 1844 6661
466 1785 610 1846 Veterum
629 1785 824 1862 Scriptontm
837 1783 1029 1861 amplissima
1037 1783 1182 1856 collectim
1200 1783 1375 1844 racanas
1393 1801 1490 1844 nonna
1500 1803 1592 1845 6666-

365 1881 523 1955 deteram-
556 1883 720 1944 cranam
749 1882 787 1942 de
815 1883 953 1958 antiquis
981 1883 1203 1942 monachornm
1229 1881 1349 1953 ritihus,
1382 1881 1420 1943 de
1450 1883 1592 1960 antipae}

367 1981 521 2041 1116166166
548 1981 661 2040 ritiint
678 1983 713 2040 in
732 1999 767 2043 re
796 1979 1068 2052 Sacramentaria,
1090 1988 1121 2040 61
1139 1981 1174 2039 16
1202 1979 1390 2042 remerenda
1410 1980 1522 2041 divina
1541 1985 1592 2059 of·

365 2080 443 2159 aaa
460 2074 768 2139 -·Oonnnentarinm
788 2080 822 2137 in
841 2080 986 2154 repalam
1004 2079 1038 2138 S.
1067 2077 1236 2140 Benedicti.

426 2180 570 2242 Proerna
589 2179 787 2239 Lnnnsnnnn
807 2175 1009 2256 (Benedictus
1026 2175 1127 2256 XIV.)
1140 2177 1177 2258 (†
1193 2175 1399 2256 1758).·Intar
1412 2177 1479 2237 eius
1494 2195 1590 2255 opera

366 2277 483 2338 eminet
502 2277 581 2336 illud
602 2307 619 2320 -
640 2277 683 2336 De
702 2275 869 2335 Servorum
888 2276 946 2336 Dei
965 2275 1194 2355 beatifimticne
1211 2283 1241 2336 61
1259 2277 1430 2336 Beatoram
1451 2275 1587 2335 Canoni-

366 2377 500 2437 aatiane.
531 2375 667 2452 Scripsit
687 2373 782 2436 etiam
811 2373 848 2434 de
875 2375 962 2450 festis
989 2375 1025 2432 D.
1041 2372 1085 2434 ·Ν.
1110 2374 1178 2434 Iera
1206 2375 1322 2434 Christi
1341 2379 1371 2434 et
1393 2375 1432 2434 Β.
1460 2375 1587 2436 Mariae

372 2475 509 2550 Virpinis
527 2504 545 2534 ·.·
564 2475 608 2533 De
627 2472 751 2534 Sancta
768 2473 825 2549 qai
844 2471 947 2531 divino
968 2473 1065 2551 officio
1086 2473 1249 2534 Bonariae
1267 2473 1413 2532 coinatar
1431 2501 1451 2520 ··
1471 2475 1518 2534 Dc
1530 2474 1590 2554 Sy·

366 2572 447 2632 nodo
466 2573 652 2633 Dioecesana
670 2604 690 2618 -
712 2570 920 2630 Imtitntionea
940 2571 1168 2641 ecclesiasticas,
1189 2587 1267 2646 quae
1281 2571 1385 2631 omnia
1404 2571 1490 2632 edita
1511 2575 1588 2632 6661

367 2672 468 2732 Venet
490 2667 577 2730 1767.
593 2669 627 2728 16
638 2687 640 2698 ’
651 2668 696 2752 19.
710 2669 773 2728 vol.
791 2669 824 2726 in
838 2669 893 2727 fol.
910 2667 1215 2728 Ρ661661ο611611661
1229 2669 1261 2728 in
1275 2667 1586 2743 6166116666116166,

368 2767 401 2826 in
422 2767 491 2827 iure
512 2767 672 2840 canonico,
693 2765 726 2826 16
747 2767 915 2844 disciplina
935 2767 1151 2828 ecclesiastica
1172 2769 1304 2827 arduum
1326 2770 1419 2844 atque
1446 2770 1591 2829 recondi-

368 2869 436 2926 turn'
465 2867 547 2942 quad
577 2865 644 2943 ipse
674 2865 791 2926 eximia
817 2864 993 2926 'eruditione
1023 2879 1085 2926 666
1114 2863 1337 2944 explicaverit,
1362 2867 1438 2926 adeo
1457 2869 1589 2950 616166

369 2978 464 3042 ope-ra
485 2965 641 3042 theologis
660 2967 694 3024 et
715 2963 898 3039 escariotis,
912 2964 1163 3042 promptuarium
1178 2964 1376 3043 suppeditant
1396 2966 1436 3025 ad
1457 2959 1586 3044 regulas

373 3063 563 3140 agendarum
584 3079 689 3123 rerum
709 3062 898 3123 hauriendas
918 3063 1053 3124 maxime
1073 3064 1349 3124 accommodatum.

372 3182 381 3194 ⁴
431 3162 620 3224 1166666666
644 3162 922 3224 6611666666666
942 3149 1055 3240 congr.
1078 3163 1109 3222 S.
1140 3161 1245 3222 Mauri
1265 3160 1302 3242 (†
1331 3159 1422 3242 1741)
1452 3163 1589 3243 Collegit

368 3261 511 3320 analecta
530 3277 646 3336 praeca
666 3267 695 3320 et
713 3267 913 3320 monumenta
933 3267 1071 3320 aeteram
1091 3277 1285 3336 praecorum.
1303 3261 1411 3322 Edidit
1425 3265 1588 3340 praeterea

369 3356 655 3435 Paiampraphiam
674 3373 821 3433 praecare
840 3389 862 3404 -
881 3357 1097 3434 Henaptornm
1120 3358 1264 3435 Oriyenia
1282 3361 1467 3434 fracmenta
1481 3391 1499 3406 -
1514 3361 1588 3422 Dia-

367 3455 452 3514 rinm
464 3455 604 3515 italicam
617 3489 637 3502 -
651 3456 872 3516 Bibliothecam
883 3456 1145 3516 Bibliothecaram
1164 3458 1446 3533 manuscriptorum
1460 3447 1599 3534 rtooam,¹

368 3555 573 3616 noanneane
591 3555 789 3614 monarchiae
807 3553 978 3616 Francicae
998 3561 1028 3614 61
1046 3555 1121 3614 alia.

426 3653 523 3716 (1666.
534 3655 729 3716 7666666666
742 3655 843 3716 (torri
857 3650 1008 3732 (11742).
1024 3653 1112 3714 Inter
1123 3654 1192 3713 6166
1201 3669 1295 3730 opera
1307 3658 1471 3730 praestant
1492 3655 1586 3718 11666-

368 3751 453 3828 16616
466 3752 863 3828 661616616661666661166-
873 3755 992 3828 etopus
1007 3747 1183 3813 6611116166
1203 3751 1323 3812 Veritas
1334 3753 1492 3830 relipionia
1505 3756 1587 3816 cirri·

366 3850 487 3910 manae
506 3857 615 3910 contr-a
634 3853 746 3924 6116666,
762 3851 932 3930 palpitans,
953 3849 1198 3924 normannos,
1220 3849 1352 3910 ethnicae
1372 3859 1402 3912 et
1420 3852 1547 3914 16616666
1565 3887 1586 3902 -

369 3947 527 4024 Gottoqaia
540 3947 718 4024 Theolopico
723 3949 885 4027 polemico.
901 3981 922 3995 -
934 3947 1098 4010 Tractatne
1111 3949 1148 4010 dc
1161 3947 1303 4024 elipande
1312 3949 1394 4010 inter
1404 3951 1587 4014 christianos

369 4045 543 4107 dissidentes
560 4049 723 4108 sententia.
1209 4099 1214 4110 .

426 4146 575 4206 11666666
596 4147 724 4207 1166666
743 4146 820 4206 Ono.
843 4141 1129 4226 Panno.(†1742).
1154 4145 1334 4221 composuit
1353 4152 1524 4208 tractatam
1545 4147 1584 4209 de

367 4261 402 4304 re
418 4243 667 4304 sacramentaria
687 4247 799 4303 contra
817 4243 1005 4315 haereticos,
1027 4259 1172 4302 recusum
1195 4241 1295 4303 Paris.
1317 4261 1367 4304 an.
1398 4245 1485 4306 1775.
1509 4265 1580 4306 oum

368 4341 621 4404 adnotationibus
642 4341 677 4403 P.
698 4342 827 4402 Patami
849 4345 881 4402 ot
900 4343 936 4402 Ρ.
959 4341 1110 4401 Richard.
1131 4359 1162 4418 6.
1182 4341 1252 4403 Vol.
1275 4341 1308 4400 in
1330 4342 1378 4404 12.

429 4441 622 4512 Fanncrscus
640 4437 722 4501 Xer.
754 4441 914 4505 Manena
933 4438 1050 4521 (1745).
1069 4438 1116 4498 Ab
1136 4457 1173 4499 eo
1192 4440 1336 4517 prodiere
1350 4443 1584 4506 Diontatnnea

372 4535 615 4614 chananaeae
634 4537 748 4610 indole,
769 4541 840 4597 orta
859 4555 896 4598 aa
911 4554 1079 4615 procreant
1098 4543 1128 4596 61
1138 4539 1276 4613 fontibus
1287 4555 1394 4600 merae
1413 4539 1584 4615 doctrinae,-
