3404 5360
895 301 937 317 ..
973 269 1013 331 04
1031 300 1073 318 .-

369 372 453 436 dedit
471 390 548 452 opus
569 374 621 434 cui
643 371 776 434 titulus:
799 370 933 432 Assertio
953 271 1092 430 deritatis
1111 370 1272 447 hebraicae
1295 369 1440 432 aduersus
1462 367 1594 431 loannis

259 525 262 530 ,
369 474 488 534 Morini
507 473 748 534 exercitationes.

428 573 563 634 Iosuuss
584 570 748 632 Mirumst
771 586 811 630 os
833 569 974 630 Rusone
996 568 1028 630 S.
1051 569 1075 628 1.
1104 566 1141 645 (†
1165 563 1264 647 1648).
1289 568 1390 645 Opere
1418 569 1486 628 sius
1507 571 1595 628 sunt

370 673 413 732 De
433 677 500 730 ente
528 668 762 752 supernaturali
789 666 1009 744 disputationes
1039 667 1073 726 in
1093 657 1279 742 tlseolopiam
1302 667 1477 726 universam
1497 666 1597 747 (opus

370 768 502 830 Parisiis
523 787 574 828 an.
598 765 691 826 1870.¹
719 783 877 838 recusum,
899 769 931 827 st
953 765 1043 825 valde
1065 761 1290 842 conquisitum)
1309 797 1330 810 -
1350 767 1521 826 Tractatus
1545 763 1594 822 De

370 867 534 926 virtutibus
552 865 626 944 fide,
647 883 709 943 spe,
732 871 762 924 et
781 865 934 924 charitate
953 896 974 909 -
994 863 1106 926 Brevis
1126 863 1282 942 expositio
1301 863 1422 926 litterae
1443 861 1601 940 Mapistri

374 965 608 1024 Sententiarum
629 983 699 1024 cum
720 979 770 1040 qq.

431 1063 605 1124 Euuuuusu
626 1065 715 1124 Vsus
735 1061 767 1120 S.
790 1061 816 1120 Ι.
838 1059 875 1141 (†
898 1057 999 1139 1648).
1022 1060 1059 1122 Ei
1081 1061 1233 1120 debentur
1256 1060 1449 1125 Quaestiones
1467 1061 1601 1124 selectae

373 1162 410 1222 dc
429 1162 568 1221 libertate
587 1160 643 1220 Dei
662 1167 691 1219 et
709 1159 861 1230 hominis,
883 1157 920 1218 de
935 1158 1238 1236 praedestinatione,
1270 1158 1307 1219 de
1329 1159 1494 1220 concordia
1513 1177 1602 1218 sunu

373 1277 496 1320 morum
515 1260 613 1318 nostri
632 1259 777 1334 temporis
796 1258 1016 1333 tlecoloporum.
1039 1257 1259 1336 Nonagensrio
1276 1257 1376 1317 maior
1390 1258 1543 1318 disseruit
1559 1256 1600 1316 de
1676 1279 1677 1282 ¹

374 1375 443 1418 nero
463 1363 492 1418 et
504 1357 594 1416 unico
608 1357 748 1433 primatu
762 1357 801 1416 D.
818 1357 908 1414 Petri
920 1356 1027 1433 Apost.
1038 1356 1208 1433 Principia
1222 1357 1266 1416 De
1281 1356 1397 1416 Christi
1410 1362 1439 1416 et
1457 1355 1601 1433 Spiritus
1677 1411 1678 1414 ,

373 1455 406 1516 S.
428 1455 602 1526 divinitate,
624 1471 679 1514 uec
696 1471 759 1512 nou
779 1452 817 1514 de
836 1453 892 1514 SS.
914 1453 1076 1514 Trinitatis
1093 1455 1246 1534 mysterio.

433 1555 627 1616 Fusuarscus
657 1551 1070 1632 51„1U,(1›ueo1ssavms)
1090 1551 1127 1633 (†
1160 1550 1262 1631 1648.)
1293 1552 1597 1632 Praestantissimus
1678 1543 1679 1564 *

376 1654 428 1712 hic
449 1651 628 1728 theologus,
651 1653 688 1710 ut
708 1669 727 1710 a
746 1651 883 1710 Perrone
904 1654 1050 1724 vocatur,
1072 1649 1163 1710 varia
1176 1650 1383 1728 ediditopera
1402 1667 1498 1726 eaque
1519 1655 1599 1708 sunt

375 1753 446 1813 Divi
469 1751 602 1810 Tleomue
621 1750 680 1826 Aq.
698 1749 870 1826 opusculae
884 1767 952 1808 mss.
972 1748 1060 1808 codd.
1077 1748 1253 1821 emendata;
1267 1748 1485 1808 instructiones
1491 1755 1601 1826 pasto-
1680 1798 1681 1808 .

376 1868 448 1910 rum
467 1849 501 1910 S.
527 1837 633 1910 Caroli
652 1825 837 1908 Bomomaei
856 1846 899 1908 ad
919 1848 1107 1924 belpicarum
1127 1847 1321 1908 ecclesiarum
1345 1865 1434 1906 usum
1461 1864 1600 1907 accomo-

376 1949 468 2010 datae
474 1969 486 2021 ,·
507 1946 714 2008 Euchiridion
734 1947 772 2005 P.
804 1946 976 2022 Binsfeldi;
996 1947 1128 2006 Summa
1150 1947 1356 2006 Consiliorum
1380 1947 1494 2008 Barth.
1518 1947 1598 2007 Cor-

377 2065 496 2110 rantae
516 2066 586 2108 cum
606 2047 826 2108 additionibus.
848 2047 984 2124 Scripsit
999 2050 1158 2124 practerea
1180 2046 1423 2106 Commentarios
1445 2047 1479 2104 in
1506 2045 1599 2104 Sum-

377 2166 462 2208 mam
482 2146 515 2205 S.
538 2145 645 2204 Thom.
663 2145 815 2222 opuscula
828 2145 931 2218 carie,
948 2145 1214 2206 Commentarium
1223 2144 1257 2204 in
1271 2143 1422 2215 Genesim,
1434 2143 1596 2214 Eaedem,
1682 2138 1683 2160 ¹

377 2246 559 2316 Leuiticum,
581 2251 610 2304 et
628 2241 790 2304 Numeros.

437 2346 602 2404 Auroutus
623 2343 723 2404 Psusz
743 2342 774 2402 S.
796 2343 821 2402 Ι.
844 2341 881 2422 (†
905 2339 995 2422 1649)
1019 2343 1161 2419 vianet
1186 2343 1337 2403 mirabilis
1356 2343 1478 2404 nomine
1499 2343 1595 2402 hono·

378 2446 480 2513 ratde,
501 2441 631 2517 reliquit
645 2457 738 2518 opera
752 2441 953 2516 sequentibus
976 2441 1081 2501 titulis
1102 2441 1255 2502 distincta
1278 2442 1489 2502 Conclusiones
1510 2443 1594 2504 tlteo·

379 2543 495 2618 lopicae
516 2540 554 2599 de
573 2541 634 2599 Deo
655 2540 738 2597 trino
759 2545 876 2612 etuno,·
896 2539 934 2598 In
957 2541 987 2598 1.
1006 2557 1041 2616 p.
1064 2539 1095 2598 d.
1115 2539 1221 2599 Titum.
1241 2547 1333 2600 tract.
1355 2542 1388 2600 5.
1410 2542 1454 2601 De
1473 2542 1594 2600 iustitia

380 2648 408 2700 et
427 2641 507 2708 iure,
529 2637 566 2696 de
585 2636 789 2708 restitutione,
811 2643 840 2696 et
855 2637 973 2714 poenit.
994 2669 1015 2682 -
1034 2638 1068 2695 in
1087 2638 1120 2698 2.
1143 2644 1173 2698 et
1193 2640 1225 2698 3.
1241 2657 1276 2716 p.
1296 2645 1449 2700 tractatus
1467 2640 1499 2698 6.

439 2737 632 2797 Fuuuctsous
651 2737 813 2796 Vsuoutus
833 2735 870 2815 (ss
893 2731 992 2813 1649).
1006 2736 1093 2795 Inter
1107 2736 1297 2813 multiplicia
1310 2737 1378 2796 eius
1393 2755 1499 2815 opere,
1521 2757 1596 2797 enu-

380 2837 544 2896 merentur
564 2832 646 2892 enim
666 2833 737 2910 plus
758 2851 850 2908 quem
872 2831 924 2904 50,
946 2833 1082 2892 omnium
1105 2833 1339 2895 celeberrimum
1360 2844 1410 2896 est
1430 2836 1521 2907 illud,
1544 2837 1596 2895 cui

379 2933 495 2996 titulus
516 2930 659 2991 Methode
680 2930 717 2992 de
737 2933 850 2992 truiter
868 2931 920 2992 des
943 2929 1145 2994 controversas
1165 2932 1202 2992 de
1220 2934 1352 3010 relipion
1374 2951 1438 3011 par
1458 2935 1490 2996 lu
1518 2935 1597 2996 seule

379 3034 527 3094 Ecriturc
544 3032 662 3092 saincte
681 3063 701 3076 -
720 3031 791 3092 Non
811 3031 916 3090 minus
937 3031 1069 3092 celebris
1090 3035 1140 3092 est
1156 3033 1252 3107 Reple
1268 3033 1411 3107 yenercle
1432 3031 1469 3092 de
1489 3033 1521 3092 la
1540 3035 1597 3112 foy

380 3131 551 3207 catholique
571 3134 693 3208 separee
713 3129 750 3192 de
771 3137 867 3190 toutes
887 3137 992 3190 autres
1005 3129 1157 3192 doctrines
1177 3163 1194 3176 -
1219 3131 1335 3189 Preuoc
1356 3129 1393 3190 de
1413 3132 1445 3190 la
1463 3149 1487 3189 s.
1506 3149 1597 3192 messe

377 3247 441 3307 par
462 3235 558 3288 teretes
578 3228 615 3288 de
635 3227 811 3288 l'Ecriturc
830 3247 854 3286 s.
874 3228 1019 3306 produits
1033 3246 1098 3305 par
1118 3230 1158 3290 les
1177 3248 1215 3288 ss.
1236 3230 1331 3290 Peras
1348 3233 1448 3289 stants
1466 3235 1496 3289 se
1518 3231 1597 3290 Gon-

380 3327 448 3386 ciles
469 3325 520 3384 des
540 3332 651 3400 quatre
665 3327 817 3402 premiers
836 3327 955 3397 siecles;
976 3327 1002 3386 le
1018 3328 1205 3402 purpatoire
1226 3333 1255 3386 et
1276 3327 1308 3384 la
1324 3329 1429 3404 prilre
1449 3345 1529 3404 pour
1556 3329 1597 3388 les

380 3423 483 3503 fideles
507 3427 669 3499 trepossts;
701 3424 741 3482 les
769 3425 861 3482 instes
886 3424 1022 3500 plaintes
1048 3424 1085 3485 de
1107 3424 1125 3482 l'
1140 3426 1246 3502 Eplise
1273 3426 1444 3502 catholique
1473 3444 1528 3486 sur
1557 3427 1597 3486 les

381 3522 598 3600 falsifications
618 3522 654 3580 ds
675 3521 849 3581 l’Ecriture
870 3521 982 3597 sainte,
1004 3529 1033 3582 et
1050 3522 1102 3583 des
1120 3541 1157 3584 ss.
1180 3525 1273 3583 Ptres
1287 3540 1353 3600 par
1373 3524 1413 3583 les
1431 3524 1596 3584 ministres.

386 3620 489 3678 Traitt
509 3618 546 3679 de
568 3619 599 3678 la
615 3620 776 3696 puissance
797 3618 840 3678 du
860 3619 948 3698 Pape
959 3641 970 3692 ;
996 3620 1100 3680 Traitt
1120 3621 1172 3681 des
1191 3620 1359 3680 traditions
1374 3622 1595 3698 apostoliques;

384 3749 404 3762 -
423 3718 582 3777 Lumitres
609 3719 823 3796 teanpeliques
852 3736 931 3795 pour
960 3719 1073 3779 rendre
1091 3720 1185 3796 facile
1203 3723 1224 3780 α’
1244 3738 1289 3778 un
1314 3720 1434 3782 comen
1458 3718 1598 3780 lintelli-

380 3831 474 3890 pence
495 3813 538 3873 du
557 3813 598 3875 N.
624 3817 657 3876 Τ.
679 3849 700 3862 -
720 3817 788 3876 Lte.
806 3818 841 3876 in
862 3817 997 3878 lansenii
1005 3826 1205 3895 praetensum
1218 3818 1429 3894 Aupustinum
1441 3839 1453 3890 ;
1467 3819 1506 3877 la
1526 3837 1598 3878 con-
1664 3893 1670 3920 ι

380 3912 559 3972 demnution
588 3912 625 3973 de
645 3916 677 3974 la
707 3915 844 3976 doctrine
868 3915 918 3975 des
938 3916 1118 3978 Iansdnistes
1133 3934 1198 3994 par
1217 3917 1287 3992 cinq
1308 3918 1433 3978 concites
1445 3919 1593 3992 franceis.

441 4011 860 4093 Aususr1uusBuusosu(†
883 4013 973 4093 1649)
995 4015 1031 4074 Ei
1054 4016 1205 4075 debentur
1217 4015 1417 4074 Remissiones
1436 4013 1596 4075 doctorum

383 4127 474 4187 super
494 4110 584 4168 varie
604 4109 671 4170 loca
693 4111 782 4170 Conc.
806 4111 981 4185 tridentini,
1010 4132 1088 4189 quse
1108 4113 1292 4191 prodierunt
1312 4113 1408 4172 etiam
1431 4114 1488 4172 sub
1502 4114 1598 4174 titulo

382 4208 565 4270 collectanea
594 4225 699 4268 eorum
728 4208 900 4282 doctorum,
922 4213 976 4288 qui
991 4213 1028 4270 in
1047 4212 1110 4270 suis
1135 4213 1275 4288 operibus
1306 4213 1397 4272 Gonc.
1425 4212 1600 4274 Tridentini

385 4307 450 4366 loca
468 4308 635 4382 reserentes
657 4306 782 4365 illorum
810 4310 976 4368 materiam
996 4309 1166 4370 incidenter
1193 4317 1371 4371 tractarunt
1389 4344 1409 4358 -
1428 4308 1475 4391 (in
1496 4312 1598 4372 iudice

386 4405 468 4462 decr.
491 4404 519 4462 6.
540 4405 624 4464 Iunii
646 4402 745 4482 1621).
770 4407 943 4466 Pastoralis
960 4407 1173 4468 sollicitudinis
1191 4410 1251 4468 sive
1278 4409 1315 4468 de
1342 4411 1438 4488 officio
1461 4417 1492 4469 et
1511 4418 1597 4488 pote·

383 4508 462 4560 state
479 4505 608 4578 parochi
628 4504 791 4580 tripertita
812 4504 984 4582 descriptio;
1006 4508 1177 4566 Pastoralis
1195 4509 1409 4568 sollicitudinis
1427 4511 1487 4569 sire
1503 4510 1598 4586 deof-

881 4683 890 4724 1
