3404 5360
913 301 1093 364 ...134-

548 493 892 590 HAERETIOI
930 497 1007 590 ET
1048 495 1468 594 SOHISMATIOIJ

884 808 1066 871 SAEOULO
1096 812 1122 871 1.

449 1075 526 1136 Suro
547 1075 660 1138 Manus
679 1074 721 1156 (a.
744 1073 807 1154 lo).
831 1075 889 1141 Qui
901 1075 1036 1154 primum
1047 1077 1085 1138 ab
1102 1078 1246 1138 Ecclesia
1261 1079 1447 1154 segregatus
1467 1081 1517 1137 est
1532 1075 1619 1138 Simo

389 1172 556 1232 samarites
566 1213 582 1243 ,-
607 1173 809 1233 divinitatem
834 1173 894 1232 sibi
919 1175 1179 1252 theurgicamque
1203 1175 1268 1234 vim
1297 1175 1476 1252 arrogavit,
1499 1176 1619 1235 veteris

388 1269 524 1346 novique
545 1269 680 1330 foederis
710 1271 809 1329 libros
839 1272 957 1348 partim
991 1271 1115 1343 reiecit,
1137 1271 1254 1350 partim
1284 1273 1323 1332 ad
1353 1289 1410 1332 sua
1441 1278 1618 1332 commenta

388 1384 444 1443 per
464 1367 648 1444 allegoriam
669 1369 782 1441 traxit,
799 1370 932 1446 pecunia
955 1370 1108 1430 virtutem
1137 1369 1318 1428 conferendi
1346 1370 1484 1446 Spiritus
1508 1371 1618 1430 Sancti

389 1465 469 1524 dona
489 1483 669 1542 comparare
690 1465 827 1538 studuit,
843 1469 992 1526 mundum
1008 1468 1045 1527 ab
1060 1469 1191 1545 Angelis
1208 1471 1350 1526 creatum
1363 1469 1515 1540 asseruit,
1530 1487 1568 1528 ac
1580 1469 1618 1528 ad

389 1563 525 1622 salutem
546 1564 643 1622 solam
665 1563 756 1622 fidem
778 1563 932 1635 sufficere,
949 1565 1017 1624 deri
1031 1565 1614 1642 metempsychosim,resurrectionem

389 1659 495 1718 carnis
510 1678 571 1719 non
591 1659 672 1733 fore,
694 1661 905 1738 promiscuum
925 1661 1133 1722 foeminarum
1155 1679 1246 1722 usum
1267 1661 1375 1735 licere,
1397 1666 1430 1720 et
1450 1661 1615 1722 Christum

390 1758 493 1834 specie
513 1762 605 1818 tenus
621 1777 758 1837 passum.
773 1761 1001 1820 Perimmanem
1017 1761 1264 1836 syncretismnm
1275 1759 1467 1832 idololatris,
1480 1760 1614 1832 iudaeis,

390 1856 577 1917 christianis
600 1858 758 1936 imponere
786 1859 910 1918 studuit
936 1862 1029 1934 atque
1059 1861 1134 1918 adeo
1160 1875 1221 1915 non
1249 1873 1365 1934 paucas
1390 1877 1406 1916 e
1435 1857 1614 1916 subsecutis

389 1954 572 2024 haeresibus
583 1957 822 2033 praeformavit.
835 1959 871 2017 In
882 1957 951 2016 Lib.
966 1957 1273 2036 philosophumenon
1286 1955 1422 2028 Simonis
1438 1959 1616 2014 commenta

388 2054 512 2129 prolixe
523 2054 736 2131 explicantur,
751 2055 943 2132 praestigiae
959 2073 1036 2114 vero
1052 2057 1239 2131 repetuntur
1253 2071 1292 2112 ex
1304 2057 1373 2112 arte
1396 2053 1614 2130 Trasymedis,

389 2167 474 2209 mors
486 2152 617 2226 deniqne
627 2153 674 2212 ita
684 2153 857 2229 contigisse
873 2153 1014 2213 traditur
1036 2175 1053 2208 «
1075 2155 1175 2221 Quum
1189 2153 1241 2211 hic
1264 2153 1302 2212 ad
1317 2150 1438 2210 exitum
1453 2153 1615 2212 accederet

389 2269 406 2304 »
429 2248 591 2325 proiectus
606 2249 729 2330 (Gitten
743 2250 768 2328 t)
783 2251 841 2310 sub
852 2251 981 2327 platano
991 2253 1100 2311 sedens
1116 2251 1256 2310 docebat.
1273 2249 1434 2324 Quumque
1445 2249 1507 2308 iam
1519 2268 1614 2326 prope

390 2352 513 2407 »esset
534 2353 570 2408 ut
591 2349 811 2408 revinceretur
835 2367 871 2407 eo
899 2351 980 2426 quod
1009 2354 1199 2422 senesceret,
1223 2349 1317 2420 dixit,
1340 2350 1562 2406 surrecturum
1584 2365 1615 2406 se

390 2467 407 2504 »
431 2446 527 2506 tertio
548 2446 598 2505 die
620 2447 647 2506 si
669 2448 764 2507 vivus
786 2433 902 2506 fuisset
924 2447 1077 2524 sepultus.
1098 2449 1140 2524 Et
1154 2447 1216 2506 iam
1232 2451 1266 2504 ut
1280 2445 1418 2504 iusserat
1433 2445 1614 2522 sepulcrum

389 2566 406 2602 »
428 2545 520 2604 effodi
542 2565 559 2604 a
580 2545 745 2622 discipulis
767 2545 936 2620 imperavit
957 2550 993 2604 ut
1014 2546 1213 2622 sepeliretur.
1237 2545 1279 2604 Hi
1307 2543 1432 2619 quidem
1459 2543 1616 2620 imperata
1699 2589 1700 2602 .

390 2642 583 2702 eiecerunt:
615 2647 649 2703 at
678 2644 732 2702 ille
763 2642 863 2702 iacuit
892 2644 930 2702 ad
960 2645 1040 2702 hanc
1073 2643 1163 2702 diem:
1187 2659 1286 2718 neque
1315 2642 1397 2700 enim
1425 2646 1495 2700 erat
1525 2642 1616 2702 Chri-

390 2745 498 2800 »stus
520 2740 564 2797 »1
1699 2797 1700 2800 ,

449 2841 616 2900 renarras
635 2838 677 2920 (a.
699 2836 764 2918 61).
787 2839 905 2899 Incidit
926 2840 958 2899 in
979 2855 1103 2898 errores
1127 2839 1189 2916 ipsi
1220 2857 1291 2898 cum
1313 2839 1436 2899 Simone
1459 2839 1553 2916 Mago
1584 2845 1616 2900 et
1699 2853 1700 2856 ’

390 2939 562 2999 Menandro
583 2956 771 2998 communes.

443 3125 498 3168 lIn
512 3123 666 3180 praecitato
681 3124 938 3182 Philosophumenon
955 3125 1036 3170 Libro
1054 3127 1117 3170 ante
1135 3123 1267 3170 Simonem
1287 3122 1453 3168 samaritem
1472 3123 1614 3180 sequentes
1699 3119 1700 3122 ’

389 3196 473 3241 etiam
488 3197 612 3242 haereses
627 3199 881 3244 commemorantur:
896 3200 1062 3244 transerunt
1077 3207 1136 3242 voce
1147 3199 1221 3241 Nece
1232 3195 1375 3253 appellati,
1383 3205 1451 3250 quae
1463 3199 1616 3251 serpentem

388 3265 515 3312 hebraice
530 3266 672 3324 significat,
689 3279 716 3312 se
732 3267 802 3325 ipsos
812 3267 946 3326 gnosticos
957 3268 1145 3314 nominabant.
1154 3269 1183 3312 1n
1197 3270 1259 3312 lesu
1268 3265 1542 3312 oommlniscebantur
1554 3267 1611 3311 tnes

390 3338 497 3395 partes,
513 3339 677 3385 rationalem
693 3339 811 3393 scilicet,
827 3339 974 3384 animalem
990 3349 1022 3385 ac
1038 3341 1191 3393 terrenam,
1206 3339 1274 3384 unde
1293 3337 1405 3384 aiebant
1425 3337 1541 3382 existere
1560 3337 1615 3383 tres

390 3410 531 3462 Ecclesiae,
547 3410 707 3466 angelicam,
719 3411 874 3465 animalem,
887 3412 1034 3456 terrenam.
1044 3412 1072 3456 ld
1082 3422 1110 3456 se
1121 3422 1137 3456 a
1149 3409 1303 3456 Mariamna
1317 3409 1451 3464 accepisse
1461 3407 1615 3463 iactabant,
1699 3405 1700 3412 ’

390 3491 471 3536 quam
486 3481 601 3526 Jacobus
615 3480 703 3527 irater
718 3481 823 3526 Domini
842 3481 1010 3527 instituerat.
1025 3503 1051 3516 -
1066 3485 1199 3527 Psanrnn.
1215 3483 1316 3525 tiorum
1339 3480 1418 3538 duces
1439 3479 1615 3525 nominantur
1699 3479 1700 3518 l

390 3551 543 3608 Euphrates
556 3554 582 3596 et
598 3551 681 3597 celles
696 3563 741 3596 reu
756 3552 880 3597 Acembes
896 3563 941 3598 seu
956 3553 1075 3598 Ademes.
1091 3553 1248 3598 Universum
1263 3551 1389 3596 constare
1400 3551 1510 3597 aiebant
1521 3553 1616 3607 Patre,

390 3621 459 3668 Filio
474 3625 500 3668 et
516 3623 643 3670 materia.
660 3625 738 3670 Pater
754 3623 881 3668 immotus
903 3625 952 3678 est,
967 3624 1051 3668 Filius
1073 3635 1177 3680 semper
1192 3635 1220 3678 se
1235 3623 1340 3675 movet,
1355 3621 1474 3668 materia
1490 3625 1614 3668 movetur

391 3705 407 3740 a
422 3695 499 3740 rino.
514 3695 580 3740 Huic
590 3695 729 3740 doctrinae
740 3693 844 3740 initiati
855 3694 899 3750 qui
912 3695 973 3747 sint,
987 3695 1064 3740 Patri
1075 3693 1320 3740 consubstantiales
1330 3692 1396 3739 iacti
1406 3694 1511 3740 caelum
1523 3705 1601 3740 ascen

390 3766 467 3810 dent:
483 3767 529 3822 qui
544 3777 619 3810 secus
633 3765 770 3823 peribunt.
785 3765 845 3810 Sine
864 3765 932 3810 nitio
954 3765 1000 3822 qui
1025 3767 1154 3822 paternas
1169 3764 1318 3822 qualitates
1333 3764 1397 3810 :aliie
1413 3765 1522 3818 inserit,
1539 3777 1615 3810 nemo

391 3838 481 3882 salvus
495 3837 554 3882 neri
569 3849 616 3882 nec
629 3839 734 3883 caelum
751 3837 892 3882 ascendere
908 3838 1002 3893 potest.
1016 3839 1053 3882 Er
1063 3839 1146 3883 Patre
1162 3835 1330 3892 temporibus
1345 3835 1463 3890 Herodis,
1479 3835 1615 3882 descendit

390 3906 511 3952 christus
526 3919 556 3952 eo
571 3907 621 3952 tine
636 3911 665 3952 ut
681 3919 864 3965 quaecumque
880 3909 915 3953 ab
931 3909 989 3954 alto
1004 3909 1097 3955 delata
1112 3909 1183 3962 sunt,
1193 3907 1311 3952 salutem
1324 3917 1370 3962 per
1381 3917 1441 3951 eum
1451 3917 1616 3963 consequan-

391 3979 445 4022 tur.
459 4001 485 4010 -
500 3981 633 4024 sumnam.
653 3980 716 4024 Tria
738 3979 859 4024 universi
881 3979 1013 4036 principia
1037 3979 1218 4025 admittebant
1242 3979 1345 4032 lucem,
1360 3977 1495 4030 tenebras,
1510 3979 1546 4032 et,
1562 3989 1616 4023 me·

391 4049 464 4094 dium
480 4048 550 4094 inter
566 4050 719 4106 utrumque,
734 4051 842 4096 odorem
858 4051 990 4106 quendam
1005 4051 1090 4095 veluti
1105 4049 1235 4106 unguenti
1251 4059 1282 4094 ac
1298 4049 1395 4093 thuris.
1411 4049 1457 4093 His
1473 4048 1615 4105 principiis

391 4120 462 4165 viret
477 4120 682 4170 adscribebant,
698 4132 729 4166 ex
745 4131 860 4178 quarum
876 4131 1006 4166 concursu
1021 4121 1114 4166 existit
1130 4130 1220 4164 rerum
1236 4119 1385 4176 generatio.
1400 4121 1476 4164 Lucis
1498 4121 1614 4165 verbum

390 4191 418 4236 in
433 4195 541 4236 uterum
556 4191 675 4247 virginis
690 4191 902 4246 descendissent
918 4193 1093 4237 tenebrarum
1103 4191 1209 4236 dolores
1223 4194 1250 4236 et
1262 4191 1349 4236 luctus
1365 4191 1518 4236 tolleret·
1530 4194 1615 4238 Jusrr-

391 4271 446 4307 nus.
462 4262 611 4307 Absurdam
628 4261 744 4307 triadem
760 4263 878 4307 omnium
894 4262 992 4308 fontem
1009 4262 1135 4316 admisit,
1150 4273 1180 4306 ex
1202 4273 1255 4319 qua
1277 4273 1324 4318 per
1346 4262 1548 4317 generationem
1564 4268 1614 4306 An-

390 4333 459 4386 geli:
474 4345 504 4377 ex
519 4333 562 4378 hie
576 4343 684 4377 rursum
700 4333 820 4378 homines
835 4337 861 4378 et
877 4334 987 4380 bestiae.
1002 4337 1091 4378 Jesum
1106 4335 1212 4390 iosephi
1224 4338 1249 4380 et
1262 4333 1365 4380 Mariae
1379 4333 1465 4379 tilium
1482 4335 1613 4380 monitum

391 4413 447 4447 esse
462 4413 478 4448 a
493 4405 598 4449 Baruclr
613 4404 728 4448 lilohimi
744 4405 849 4460 legato,
866 4407 894 4449 ut
909 4408 1017 4451 caveret
1034 4416 1064 4449 ne
1080 4405 1148 4450 sieut
1164 4406 1315 4451 anteriores
1337 4405 1483 4462 prophetae
1506 4408 1614 4452 seduce-

390 4476 481 4528 retur,
495 4479 577 4532 atque
591 4477 621 4520 ut
636 4487 668 4521 ea
683 4487 753 4532 quae
774 4477 863 4522 Patris
884 4479 945 4521 sunt
968 4477 1152 4523 annuntiaret.
1169 4479 1296 4534 Serpens,
1311 4477 1381 4532 quod
1401 4487 1461 4522 eum
1485 4478 1613 4525 seducere

391 4553 441 4587 non
456 4551 552 4602 posset,
567 4547 651 4593 effecit
668 4550 696 4592 ut
712 4547 786 4594 cruci
802 4546 974 4604 affigeretur.
