3466 5362
570 355 571 360 ,
951 335 990 348 -
1009 303 1049 364 36
1069 333 1108 348 -

433 399 470 458 ele
490 400 652 472 Pesciate,
674 399 764 458 ouius
784 399 914 474 antiqua
933 403 1040 459 exstat
1059 402 1183 460 tantum
1202 399 1301 459 latina
1321 398 1450 470 versio,
1475 395 1513 454 in
1535 412 1599 471 que
1618 393 1660 452 di·

418 499 529 574 sputat
551 497 588 556 'de
611 501 749 576 tempere
770 497 946 556 celebrandi
978 497 1157 560 Paschatis.
1189 499 1319 558 Initium
1339 501 1454 558 tamen
1482 493 1585 552 huius
1606 493 1660 552 Ca·

417 595 506 656 nonis
534 595 588 655 ubi
608 597 819 674 Hieronymus
841 597 1008 674 allegatur,
1031 597 1062 656 S.
1086 596 1228 656 Anatolii
1249 613 1317 656 esse
1339 615 1404 658 non
1438 601 1568 676 potest.

476 695 506 754 S.
525 694 711 756 Anensnaus
732 696 786 756 Er.
810 693 921 756 Orsen.
944 693 990 776 (fl.
1007 713 1035 756 a.
1058 693 1140 774 278).
1158 696 1234 756 Eius
1255 694 1418 756 habentur
1441 697 1533 756 Acta
1556 696 1660 774 dispo

415 793 542 852 tationis
569 811 639 852 cum
666 793 802 864 Menate,
824 811 900 870 syre
921 809 1072 853 sermone.
1102 794 1219 854 Exstat
1239 795 1405 871 praeterea
1428 792 1658 872 fragmentum

413 891 539 968 aliquod
560 895 703 952 actorum
725 892 862 952 eiusdem
885 890 1120 968 disputationis.

473 992 505 1052 S.
526 992 651 1053 Parnes
669 993 766 1052 Anax.
786 990 833 1072 (fi.
848 1009 875 1050 a.
897 987 992 1068 283).
1024 989 1166 1052 Habetur
1186 989 1253 1050 eius
1274 990 1420 1068 Epistola
1447 990 1622 1052 Canonica
1643 1024 1656 1036 -

414 1090 555 1168 Epistola
574 1089 617 1149 nol
637 1090 805 1150 Ecclesiam
834 1087 1085 1148 Alenandrinum
1115 1119 1128 1133 ·
1147 1089 1338 1166 Fragmenta
1358 1089 1459 1151 varia
1492 1106 1537 1150 aar
1558 1090 1655 1150 Libro

415 1187 452 1247 de
472 1187 586 1248 deitate
606 1195 635 1248 et
654 1206 693 1248 ex
715 1189 787 1272 aliis
809 1186 965 1266 operibus.

474 1287 504 1347 S.
525 1289 720 1348 Vrenonruus
740 1287 795 1346 Er.
818 1287 1030 1346 Psaramounis.
1051 1283 1097 1364 (fl.
1115 1282 1231 1363 aare).
1248 1285 1398 1362 Superest
1411 1305 1457 1345 ex
1475 1287 1552 1348 eius
1573 1287 1656 1346 sori-

414 1385 478 1462 ptis
499 1386 723 1463 Fragmentum
744 1385 780 1444 de
799 1383 935 1443 Fabrica
951 1382 1063 1442 Mundi
1083 1390 1112 1442 at
1130 1383 1250 1444 Scholia
1270 1384 1304 1440 in
1323 1385 1559 1463 Apocalypsin.

473 1484 503 1543 S.
524 1484 706 1545 Paurnrnus
725 1483 769 1542 M.
789 1480 837 1562 (fl.
852 1500 880 1540 a.
904 1479 986 1560 294).
1010 1480 1147 1558 Scripsit
1160 1481 1394 1558 Apolopeticum
1406 1493 1482 1560 pre'
1498 1485 1651 1560 Oripcno.

415 1584 531 1644 Exstat
551 1581 645 1642 huius
666 1580 770 1658 operis
784 1580 906 1658 primus
933 1582 1057 1640 tantum
1079 1579 1160 1639 liber
1180 1598 1199 1639 a
1217 1580 1332 1640 Rufino
1359 1581 1462 1642 latine
1488 1584 1652 1643 redditus.

893 1893 1074 1956 SAEGULO
1095 1895 1149 1956 IV.

477 2193 507 2251 S.
528 2191 717 2253 Maruenrus
738 2189 792 2249 Er.
809 2192 884 2251 Tra.
900 2188 946 2270 (fl.
961 2208 990 2249 a.
1012 2186 1094 2268 305).
1104 2190 1253 2266 Superest
1266 2188 1360 2248 huius
1373 2187 1403 2248 S.
1418 2189 1536 2250 Patris
1552 2205 1646 2266 opus,

348 2280 350 2288 ’
417 2290 468 2349 cui
488 2289 602 2350 titulus
625 2289 806 2348 Ueraniolum
820 2287 920 2348 decem
946 2289 1175 2364 Virpinumseu
1197 2287 1234 2347 eie
1248 2288 1440 2348 castimonia.
1456 2289 1644 2366 Supersunt

416 2389 544 2466 insuper
573 2387 752 2465 fragmenta
781 2387 902 2462 aliquot
930 2405 969 2445 ex
999 2385 1090 2445 libris
1123 2385 1160 2445 de
1190 2387 1412 2446 resurrectione
1435 2418 1449 2433 ·
1480 2386 1524 2446 cie
1553 2387 1643 2446 retus

313 2468 316 2476 ’
416 2489 526 2547 creatis
544 2519 557 2532 ·
578 2486 618 2546 da
635 2487 727 2545 libero
756 2486 888 2545 arbitrio
906 2518 920 2530 -
940 2483 977 2545 ele
1004 2485 1096 2544 Ionae
1126 2485 1256 2544 historia
1275 2517 1289 2529 -
1310 2501 1349 2542 ece
1377 2484 1462 2542 libris
1492 2484 1645 2545 adoneus

416 2586 628 2663 Porphyrium
648 2618 661 2631 -
681 2603 720 2645 en
748 2602 885 2645 sermone
914 2583 951 2643 ele
981 2584 1172 2662 martyribus
1190 2615 1204 2628 ·
1225 2600 1264 2642 aee
1283 2583 1411 2642 homilia
1430 2582 1469 2642 de
1491 2584 1597 2644 Gruce
1617 2588 1644 2640 et

411 2684 554 2760 passione
575 2683 691 2742 Christi
703 2715 717 2728 -
729 2688 762 2742 et
781 2684 860 2742 duae
871 2683 1048 2754 Orationes,
1060 2699 1193 2756 quarum
1207 2699 1269 2740 una
1284 2679 1322 2740 de
1335 2681 1477 2742 Simnana
1498 2690 1532 2742 ct
1545 2685 1643 2743 Anna

415 2812 429 2824 ·
448 2780 511 2840 alia
530 2781 564 2839 in
593 2799 696 2841 rames
720 2781 913 2858 palmarum.
943 2780 1020 2840 Fuit
1051 2779 1105 2838 vir
1125 2779 1265 2856 apprime
1286 2781 1396 2840 dectus
1418 2781 1641 2856 acerimusque

417 2878 565 2938 veritatis
587 2878 741 2939 defenser.

437 3015 440 3021 ·
476 2977 637 3039 Anuearus
658 2977 730 3038 San.
746 2976 794 3058 (fl.
810 2997 838 3039 a.
854 2975 936 3056 305).
953 2976 1089 3053 Scripsit
1103 2977 1201 3037 libros
1221 2980 1338 3054 septem
1353 2975 1499 3037 adoneus
1515 2980 1637 3040 Gentes.

476 3077 667 3138 Annxannnn
694 3077 865 3144 Errseorus
884 3076 981 3137 Anax.
1003 3074 1041 3156 (f,
1065 3095 1093 3136 a.
1126 3075 1209 3156 320).
1233 3076 1371 3136 Exstant
1397 3075 1559 3153 Epistolae
1581 3085 1641 3137 tres

416 3193 486 3233 cum
505 3176 695 3251 fragmentis
716 3174 752 3234 ela
770 3176 895 3234 Ariana
915 3175 1044 3245 haeresi,
1066 3173 1162 3250 daque
1181 3176 1253 3234 Arii
1283 3174 1470 3252 depositione
1491 3209 1502 3222 ·
1528 3178 1640 3237 Sermo

417 3272 454 3331 de
473 3274 581 3334 anima
601 3280 631 3333 ct
650 3289 776 3349 corpere
796 3272 891 3348 dequo
908 3273 1051 3349 passione
1069 3273 1205 3331 Domini.
1581 3289 1586 3297 ‘

476 3373 512 3431 L.
536 3373 572 3431 F.
596 3374 798 3433 Laerau‘rrus
827 3371 864 3452 (i
886 3390 914 3430 a.
937 3369 1019 3449 325).
1042 3371 1144 3431 Huius
1176 3372 1341 3448 scriptoris
1372 3371 1531 3432 habentur
1562 3373 1639 3450 lieri

418 3472 534 3545 septem
554 3469 788 3529 institutionum
809 3469 989 3528 divinarum
1010 3471 1162 3529 adversus
1184 3472 1309 3530 Gentest
1334 3469 1500 3546 Epitemen
1515 3490 1640 3532 aarum·

419 3565 501 3639 dem;
522 3568 616 3627 Liber
637 3568 674 3628 dc
694 3568 749 3628 Ira
770 3569 823 3628 Dei
841 3600 855 3614 -
875 3569 970 3628 Liber
994 3567 1031 3627 ele
1052 3569 1172 3646 opificio
1196 3569 1252 3628 Dei
1271 3601 1285 3614 -
1305 3567 1401 3627 Liber
1430 3568 1467 3628 dc
1486 3573 1638 3630 mortibus

418 3665 666 3740 Persecutorum,
687 3672 719 3728 et
742 3666 920 3744 fragmenta
940 3667 1090 3726 nonnulla
1109 3668 1145 3725 de
1166 3667 1240 3726 aliis
1270 3667 1338 3726 eius
1367 3669 1509 3744 scriptis.
1532 3672 1634 3748 Opera

418 3781 493 3822 vere
522 3765 615 3826 dubia
645 3771 719 3825 sunt
748 3765 943 3844 Symposium
962 3797 976 3809 -
998 3765 1132 3824 Carmen
1161 3764 1198 3824 dc
1227 3764 1377 3825 Phoenica
1395 3799 1410 3812 -
1432 3766 1567 3828 Carmen
1600 3767 1636 3825 otc

419 3862 564 3920 Passieno
583 3864 708 3922 Domini
727 3871 756 3924 et
778 3863 969 3941 Carmenldc
997 3863 1127 3924 Pascha.
1141 3863 1305 3923 Scribendi
1327 3882 1439 3940 genere
1464 3867 1538 3924 adeo
1561 3866 1636 3925 emi-

417 3959 498 4032 nuit,
517 3963 554 4019 ut
573 3960 682 4020 (licere
703 3963 898 4022 christianus
920 3961 1023 4020 dietus
1046 3960 1153 4021 fuerit.

477 4058 630 4120 Eusnsrus
660 4061 715 4120 Er.
746 4059 935 4122 (lausannen.
965 4059 1002 4140 (f.
1026 4079 1054 4118 a.
1076 4057 1159 4138 325).
1191 4058 1328 4136 Scripsit
1358 4059 1474 4121 librum
1507 4061 1636 4122 Chroni-

418 4173 474 4215 cen
493 4188 507 4200 -
526 4155 638 4216 Libros
651 4157 751 4218 decem
764 4149 920 4218 Historiae
940 4159 1152 4218 ecclesiasticae
1174 4190 1188 4204 ·
1209 4157 1321 4218 Libros
1343 4160 1516 4235 quindecim
1534 4163 1633 4243 Prae·

416 4254 594 4331 paratienis
623 4255 830 4330 Eeanpelicae
856 4289 870 4302 -
902 4257 966 4317 LL.
998 4255 1267 4316 demonstrationis
1297 4257 1515 4334 annpelieaa,
1546 4259 1631 4318 cuius
1680 4319 1681 4331 ἢ

311 4395 313 4400 -
419 4354 522 4430 operis
543 4371 582 4412 ex
605 4353 722 4430 viginti
743 4354 835 4414 libris
857 4354 983 4414 nonnisi
1015 4354 1052 4414 10
1082 4357 1253 4431 supersunt
1273 4387 1287 4400 ·
1307 4357 1342 4416 L.
1374 4355 1411 4414 de
1440 4355 1630 4434 Martyribus

419 4452 615 4512 Palaestinae
634 4485 648 4496 -
667 4453 703 4511 L.
725 4459 834 4512 contra
853 4453 1024 4512 Hieroclem
1043 4483 1057 4499 ·
1077 4454 1138 4514 LL.
1155 4453 1189 4512 2.
1204 4460 1312 4514 centra
1332 4453 1516 4513 Marcellum
1534 4486 1548 4499 -
1568 4455 1628 4514 LL.

420 4551 453 4609 3.
475 4550 513 4609 de
537 4551 701 4627 Theolopia
721 4551 917 4612 moienastica
948 4555 1059 4612 eontra
1086 4553 1225 4612 eumdem
1244 4585 1259 4600 ·
1280 4553 1342 4613 LL.
1365 4555 1393 4611 4.
1414 4550 1452 4610 de
1471 4553 1535 4612 oita
1558 4553 1632 4612 Cen·
1678 4559 1679 4567 ’
