<?xml version="1.0" encoding="UTF-8"?>
<!DOCTYPE html PUBLIC "-//W3C//DTD XHTML 1.0 Transitional//EN"
    "http://www.w3.org/TR/xhtml1/DTD/xhtml1-transitional.dtd">
<html xmlns="http://www.w3.org/1999/xhtml" xml:lang="en" lang="en">
 <head>
  <title>
</title>
<meta http-equiv="Content-Type" content="text/html;charset=utf-8" />
  <meta name='ocr-system' content='tesseract 3.04.00' />
  <meta name='ocr-capabilities' content='ocr_page ocr_carea ocr_par ocr_line ocrx_word'/>
</head>
<body>
  <div class='ocr_page' id='page_1' title='image "./enchiridionadsa00natgoog_0043.png"; bbox 0 0 3466 5362; ppageno 0'>
   <div class='ocr_carea' id='block_1_1' title="bbox 378 403 1683 3820">
    <p class='ocr_par' dir='ltr' id='par_1_1' title="bbox 378 403 1683 3022">
     <span class='ocr_line' id='line_1_1' title="bbox 420 403 1654 486; baseline -0.003 -16"><span class='ocrx_word' id='word_1_1' title='bbox 420 407 568 486; x_wconf 90' lang='lat' dir='ltr'><strong><em>spiritum</em></strong></span> <span class='ocrx_word' id='word_1_2' title='bbox 586 440 601 454; x_wconf 92' lang='lat'><em>·</em></span> <span class='ocrx_word' id='word_1_3' title='bbox 620 407 763 486; x_wconf 73' lang='lat' dir='ltr'><em>Epistola</em></span> <span class='ocrx_word' id='word_1_4' title='bbox 783 406 826 467; x_wconf 90' lang='lat' dir='ltr'><strong><em>ad</em></strong></span> <span class='ocrx_word' id='word_1_5' title='bbox 847 406 1036 485; x_wconf 83' lang='lat' dir='ltr'><strong><em>Addpliant</em></strong></span> <span class='ocrx_word' id='word_1_6' title='bbox 1055 439 1070 455; x_wconf 91' lang='lat'>-</span> <span class='ocrx_word' id='word_1_7' title='bbox 1088 407 1232 485; x_wconf 77' lang='lat' dir='ltr'><strong><em>Epistola</em></strong></span> <span class='ocrx_word' id='word_1_8' title='bbox 1253 406 1296 468; x_wconf 91' lang='lat' dir='ltr'><strong><em>ad</em></strong></span> <span class='ocrx_word' id='word_1_9' title='bbox 1315 405 1513 468; x_wconf 77' lang='lat' dir='ltr'><strong><em>Muaimnm</em></strong></span> <span class='ocrx_word' id='word_1_10' title='bbox 1527 403 1654 466; x_wconf 76' lang='lat' dir='ltr'><strong><em>-Sano</em></strong></span> 
     </span>
     <span class='ocr_line' id='line_1_2' title="bbox 420 503 1656 588; baseline -0.002 -23"><span class='ocrx_word' id='word_1_11' title='bbox 420 508 522 567; x_wconf 85' lang='lat' dir='ltr'><strong><em>rnaior</em></strong></span> <span class='ocrx_word' id='word_1_12' title='bbox 541 505 579 566; x_wconf 93' lang='lat' dir='ltr'><strong><em>de</em></strong></span> <span class='ocrx_word' id='word_1_13' title='bbox 597 506 677 566; x_wconf 83' lang='lat' dir='ltr'><strong><em>Fide</em></strong></span> <span class='ocrx_word' id='word_1_14' title='bbox 695 537 710 552; x_wconf 94' lang='lat'>-</span> <span class='ocrx_word' id='word_1_15' title='bbox 729 507 891 588; x_wconf 85' lang='lat' dir='ltr'><strong><em>Eccpositio</em></strong></span> <span class='ocrx_word' id='word_1_16' title='bbox 911 506 1002 567; x_wconf 87' lang='lat' dir='ltr'><strong><em>Fidei</em></strong></span> <span class='ocrx_word' id='word_1_17' title='bbox 1019 539 1034 553; x_wconf 92' lang='lat'>-</span> <span class='ocrx_word' id='word_1_18' title='bbox 1054 507 1196 584; x_wconf 75' lang='lat' dir='ltr'><strong><em>Epistola</em></strong></span> <span class='ocrx_word' id='word_1_19' title='bbox 1215 506 1258 567; x_wconf 90' lang='lat' dir='ltr'><strong><em>ad</em></strong></span> <span class='ocrx_word' id='word_1_20' title='bbox 1279 507 1491 568; x_wconf 86' lang='lat' dir='ltr'><strong><em>Ioviniannrn</em></strong></span> <span class='ocrx_word' id='word_1_21' title='bbox 1519 503 1656 582; x_wconf 86' lang='lat' dir='ltr'><strong><em>Impera·</em></strong></span> 
     </span>
     <span class='ocr_line' id='line_1_3' title="bbox 422 603 1659 694; baseline -0.002 -30"><span class='ocrx_word' id='word_1_22' title='bbox 422 613 518 665; x_wconf 87' lang='lat' dir='ltr'><strong><em>torern</em></strong></span> <span class='ocrx_word' id='word_1_23' title='bbox 540 637 556 650; x_wconf 92' lang='lat'>-</span> <span class='ocrx_word' id='word_1_24' title='bbox 578 605 720 682; x_wconf 80' lang='lat' dir='ltr'><strong><em>Epistola</em></strong></span> <span class='ocrx_word' id='word_1_25' title='bbox 740 604 778 664; x_wconf 92' lang='lat' dir='ltr'><strong><em>de</em></strong></span> <span class='ocrx_word' id='word_1_26' title='bbox 805 603 950 694; x_wconf 77' lang='lat' dir='ltr'><strong><em>Nicaenis</em></strong></span> <span class='ocrx_word' id='word_1_27' title='bbox 978 607 1111 666; x_wconf 90' lang='lat' dir='ltr'><strong><em>Decretis</em></strong></span> <span class='ocrx_word' id='word_1_28' title='bbox 1131 637 1148 651; x_wconf 90' lang='lat'>-</span> <span class='ocrx_word' id='word_1_29' title='bbox 1169 606 1312 682; x_wconf 84' lang='lat' dir='ltr'><strong><em>Epistola</em></strong></span> <span class='ocrx_word' id='word_1_30' title='bbox 1341 605 1378 666; x_wconf 91' lang='lat' dir='ltr'><strong><em>de</em></strong></span> <span class='ocrx_word' id='word_1_31' title='bbox 1399 605 1573 666; x_wconf 89' lang='lat' dir='ltr'><strong><em>sententia</em></strong></span> <span class='ocrx_word' id='word_1_32' title='bbox 1592 603 1659 662; x_wconf 78' lang='lat' dir='ltr'><strong><em>llio-</em></strong></span> 
     </span>
     <span class='ocr_line' id='line_1_4' title="bbox 421 702 1660 782; baseline -0.001 -20"><span class='ocrx_word' id='word_1_33' title='bbox 421 703 503 782; x_wconf 77' lang='lat' dir='ltr'><strong><em>nysii</em></strong></span> <span class='ocrx_word' id='word_1_34' title='bbox 522 734 539 748; x_wconf 92' lang='lat'>-</span> <span class='ocrx_word' id='word_1_35' title='bbox 560 702 700 763; x_wconf 84' lang='lat' dir='ltr'><strong><em>Historia</em></strong></span> <span class='ocrx_word' id='word_1_36' title='bbox 719 702 912 762; x_wconf 70' lang='lat' dir='ltr'><strong><em>Asianorum</em></strong></span> <span class='ocrx_word' id='word_1_37' title='bbox 932 703 975 763; x_wconf 88' lang='lat' dir='ltr'><strong><em>ad</em></strong></span> <span class='ocrx_word' id='word_1_38' title='bbox 995 705 1198 764; x_wconf 80' lang='grc'><strong>1111111111-</strong></span> <span class='ocrx_word' id='word_1_39' title='bbox 1219 704 1360 781; x_wconf 83' lang='lat' dir='ltr'><strong><em>Epistola</em></strong></span> <span class='ocrx_word' id='word_1_40' title='bbox 1379 702 1429 764; x_wconf 93' lang='lat' dir='ltr'><strong><em>ad</em></strong></span> <span class='ocrx_word' id='word_1_41' title='bbox 1450 703 1660 779; x_wconf 83' lang='lat' dir='ltr'><strong><em>Serapionem</em></strong></span> 
     </span>
     <span class='ocr_line' id='line_1_5' title="bbox 423 799 1661 880; baseline -0.002 -21"><span class='ocrx_word' id='word_1_42' title='bbox 423 800 460 860; x_wconf 93' lang='lat' dir='ltr'><strong><em>de</em></strong></span> <span class='ocrx_word' id='word_1_43' title='bbox 479 807 577 860; x_wconf 84' lang='lat' dir='ltr'><strong><em>morte</em></strong></span> <span class='ocrx_word' id='word_1_44' title='bbox 597 801 669 860; x_wconf 86' lang='lat' dir='ltr'><strong><em>Arii</em></strong></span> <span class='ocrx_word' id='word_1_45' title='bbox 689 832 706 844; x_wconf 98' lang='lat'>-</span> <span class='ocrx_word' id='word_1_46' title='bbox 720 801 887 880; x_wconf 82' lang='lat' dir='ltr'><strong><em>Encyclica</em></strong></span> <span class='ocrx_word' id='word_1_47' title='bbox 907 801 949 862; x_wconf 91' lang='lat' dir='ltr'><strong><em>ad</em></strong></span> <span class='ocrx_word' id='word_1_48' title='bbox 968 804 1133 880; x_wconf 88' lang='lat' dir='ltr'><strong><em>Episcopus</em></strong></span> <span class='ocrx_word' id='word_1_49' title='bbox 1153 804 1294 880; x_wconf 85' lang='lat' dir='ltr'><strong><em>Epistola</em></strong></span> <span class='ocrx_word' id='word_1_50' title='bbox 1309 835 1326 848; x_wconf 92' lang='lat'>-</span> <span class='ocrx_word' id='word_1_51' title='bbox 1341 803 1498 878; x_wconf 81' lang='lat' dir='ltr'><strong><em>Epistola</em></strong></span> <span class='ocrx_word' id='word_1_52' title='bbox 1520 799 1566 859; x_wconf 89' lang='lat' dir='ltr'><strong><em>ad</em></strong></span> <span class='ocrx_word' id='word_1_53' title='bbox 1586 799 1661 876; x_wconf 91' lang='lat' dir='ltr'><strong><em>Epi·</em></strong></span> 
     </span>
     <span class='ocr_line' id='line_1_6' title="bbox 422 898 1661 980; baseline -0.002 -22"><span class='ocrx_word' id='word_1_54' title='bbox 422 915 524 976; x_wconf 87' lang='lat' dir='ltr'><strong><em>scopos</em></strong></span> <span class='ocrx_word' id='word_1_55' title='bbox 543 899 679 976; x_wconf 82' lang='lat' dir='ltr'><strong><em>Aepypti</em></strong></span> <span class='ocrx_word' id='word_1_56' title='bbox 699 904 728 958; x_wconf 90' lang='lat' dir='ltr'><strong><em>et</em></strong></span> <span class='ocrx_word' id='word_1_57' title='bbox 747 899 863 976; x_wconf 79' lang='lat' dir='ltr'><strong><em>Lybiae</em></strong></span> <span class='ocrx_word' id='word_1_58' title='bbox 884 933 901 946; x_wconf 93' lang='lat'>-</span> <span class='ocrx_word' id='word_1_59' title='bbox 922 900 1064 976; x_wconf 88' lang='lat' dir='ltr'><strong><em>Epistola</em></strong></span> <span class='ocrx_word' id='word_1_60' title='bbox 1084 900 1121 962; x_wconf 90' lang='lat' dir='ltr'><strong><em>de</em></strong></span> <span class='ocrx_word' id='word_1_61' title='bbox 1139 899 1272 980; x_wconf 74' lang='lat' dir='ltr'><strong><em>synodis</em></strong></span> <span class='ocrx_word' id='word_1_62' title='bbox 1287 933 1304 946; x_wconf 94' lang='lat'><em>-</em></span> <span class='ocrx_word' id='word_1_63' title='bbox 1319 900 1475 978; x_wconf 90' lang='lat' dir='ltr'><strong><em>Epistola</em></strong></span> <span class='ocrx_word' id='word_1_64' title='bbox 1497 899 1546 962; x_wconf 91' lang='lat' dir='ltr'><strong><em>ad</em></strong></span> <span class='ocrx_word' id='word_1_65' title='bbox 1567 898 1661 974; x_wconf 77' lang='lat' dir='ltr'><strong><em>Afros</em></strong></span> 
     </span>
     <span class='ocr_line' id='line_1_7' title="bbox 424 994 1663 1077; baseline -0.003 -21"><span class='ocrx_word' id='word_1_66' title='bbox 424 997 588 1074; x_wconf 85' lang='lat' dir='ltr'><strong><em>Episcopus</em></strong></span> <span class='ocrx_word' id='word_1_67' title='bbox 608 1028 625 1040; x_wconf 94' lang='lat'>-</span> <span class='ocrx_word' id='word_1_68' title='bbox 650 994 856 1077; x_wconf 79' lang='lat' dir='ltr'><strong><em>Ternas(seu</em></strong></span> <span class='ocrx_word' id='word_1_69' title='bbox 877 998 1020 1076; x_wconf 84' lang='lat' dir='ltr'><strong><em>Epistola</em></strong></span> <span class='ocrx_word' id='word_1_70' title='bbox 1041 996 1219 1077; x_wconf 88' lang='lat' dir='ltr'><strong><em>Synodica)</em></strong></span> <span class='ocrx_word' id='word_1_71' title='bbox 1239 999 1282 1060; x_wconf 89' lang='lat' dir='ltr'><strong><em>ad</em></strong></span> <span class='ocrx_word' id='word_1_72' title='bbox 1301 999 1522 1059; x_wconf 73' lang='lat' dir='ltr'><strong><em>Antiochinas</em></strong></span> <span class='ocrx_word' id='word_1_73' title='bbox 1545 1011 1564 1042; x_wconf 79' lang='grc'><strong><em>’-</em></strong></span> <span class='ocrx_word' id='word_1_74' title='bbox 1587 996 1663 1073; x_wconf 90' lang='lat' dir='ltr'><strong><em>Epi-</em></strong></span> 
     </span>
     <span class='ocr_line' id='line_1_8' title="bbox 422 1093 1661 1173; baseline -0.001 -21"><span class='ocrx_word' id='word_1_75' title='bbox 422 1095 500 1154; x_wconf 89' lang='lat' dir='ltr'><strong><em>stola</em></strong></span> <span class='ocrx_word' id='word_1_76' title='bbox 520 1093 562 1154; x_wconf 91' lang='lat' dir='ltr'><strong><em>ad</em></strong></span> <span class='ocrx_word' id='word_1_77' title='bbox 581 1095 788 1173; x_wconf 76' lang='lat' dir='ltr'><strong><em>Rufinianum</em></strong></span> <span class='ocrx_word' id='word_1_78' title='bbox 810 1127 826 1139; x_wconf 98' lang='lat'>-</span> <span class='ocrx_word' id='word_1_79' title='bbox 848 1095 1001 1172; x_wconf 83' lang='lat' dir='ltr'><strong><em>Apolopia</em></strong></span> <span class='ocrx_word' id='word_1_80' title='bbox 1021 1104 1128 1158; x_wconf 86' lang='lat' dir='ltr'><strong><em>contra</em></strong></span> <span class='ocrx_word' id='word_1_81' title='bbox 1149 1098 1284 1156; x_wconf 81' lang='lat' dir='ltr'><strong><em>Arianos</em></strong></span> <span class='ocrx_word' id='word_1_82' title='bbox 1304 1129 1320 1142; x_wconf 96' lang='lat'>-</span> <span class='ocrx_word' id='word_1_83' title='bbox 1341 1096 1511 1173; x_wconf 77' lang='lat' dir='ltr'><strong><em>Apolopia</em></strong></span> <span class='ocrx_word' id='word_1_84' title='bbox 1533 1094 1580 1154; x_wconf 91' lang='lat' dir='ltr'><strong><em>ad</em></strong></span> <span class='ocrx_word' id='word_1_85' title='bbox 1601 1094 1661 1152; x_wconf 76' lang='lat' dir='ltr'><strong><em>lon-</em></strong></span> 
     </span>
     <span class='ocr_line' id='line_1_9' title="bbox 421 1191 1663 1271; baseline -0.002 -21"><span class='ocrx_word' id='word_1_86' title='bbox 421 1199 596 1269; x_wconf 90' lang='lat' dir='ltr'><strong><em>peratorern</em></strong></span> <span class='ocrx_word' id='word_1_87' title='bbox 618 1193 833 1254; x_wconf 79' lang='lat' dir='ltr'><strong><em>Constantiam</em></strong></span> <span class='ocrx_word' id='word_1_88' title='bbox 854 1225 870 1240; x_wconf 90' lang='lat'><em>-</em></span> <span class='ocrx_word' id='word_1_89' title='bbox 891 1194 1045 1271; x_wconf 77' lang='lat' dir='ltr'><strong><em>Apoloyia</em></strong></span> <span class='ocrx_word' id='word_1_90' title='bbox 1064 1194 1102 1254; x_wconf 93' lang='lat' dir='ltr'><strong><em>de</em></strong></span> <span class='ocrx_word' id='word_1_91' title='bbox 1121 1197 1204 1270; x_wconf 78' lang='lat' dir='ltr'><strong><em>sapa</em></strong></span> <span class='ocrx_word' id='word_1_92' title='bbox 1224 1211 1282 1254; x_wconf 85' lang='lat' dir='ltr'><strong><em>saa</em></strong></span> <span class='ocrx_word' id='word_1_93' title='bbox 1302 1226 1318 1238; x_wconf 95' lang='lat'>-</span> <span class='ocrx_word' id='word_1_94' title='bbox 1345 1194 1416 1254; x_wconf 90' lang='lat' dir='ltr'><strong><em>Vita</em></strong></span> <span class='ocrx_word' id='word_1_95' title='bbox 1450 1193 1489 1254; x_wconf 85' lang='lat' dir='ltr'><strong><em>S.</em></strong></span> <span class='ocrx_word' id='word_1_96' title='bbox 1527 1191 1663 1252; x_wconf 78' lang='lat' dir='ltr'><strong><em>Antonii</em></strong></span> 
     </span>
     <span class='ocr_line' id='line_1_10' title="bbox 422 1288 1660 1368; baseline -0.003 -18"><span class='ocrx_word' id='word_1_97' title='bbox 422 1288 549 1350; x_wconf 86' lang='lat' dir='ltr'><strong><em>Abbatis</em></strong></span> <span class='ocrx_word' id='word_1_98' title='bbox 569 1290 689 1366; x_wconf 86' lang='lat' dir='ltr'><strong><em>scripta</em></strong></span> <span class='ocrx_word' id='word_1_99' title='bbox 715 1291 753 1350; x_wconf 91' lang='lat' dir='ltr'><strong><em>ad</em></strong></span> <span class='ocrx_word' id='word_1_100' title='bbox 785 1291 954 1350; x_wconf 88' lang='lat' dir='ltr'><strong><em>Monachus</em></strong></span> <span class='ocrx_word' id='word_1_101' title='bbox 982 1292 1204 1352; x_wconf 89' lang='lat' dir='ltr'><strong><em>instituendos.</em></strong></span> <span class='ocrx_word' id='word_1_102' title='bbox 1229 1324 1246 1338; x_wconf 94' lang='lat'>-</span> <span class='ocrx_word' id='word_1_103' title='bbox 1267 1292 1412 1368; x_wconf 91' lang='lat' dir='ltr'><strong><em>Epistola</em></strong></span> <span class='ocrx_word' id='word_1_104' title='bbox 1440 1291 1490 1352; x_wconf 88' lang='lat' dir='ltr'><strong><em>ad</em></strong></span> <span class='ocrx_word' id='word_1_105' title='bbox 1522 1289 1660 1350; x_wconf 88' lang='lat' dir='ltr'><strong><em>Marcel-</em></strong></span> 
     </span>
     <span class='ocr_line' id='line_1_11' title="bbox 424 1388 1659 1467; baseline -0.006 -19"><span class='ocrx_word' id='word_1_106' title='bbox 424 1388 525 1448; x_wconf 87' lang='lat' dir='ltr'><strong><em>linarn</em></strong></span> <span class='ocrx_word' id='word_1_107' title='bbox 555 1389 592 1448; x_wconf 92' lang='lat' dir='ltr'><strong><em>de</em></strong></span> <span class='ocrx_word' id='word_1_108' title='bbox 622 1388 882 1464; x_wconf 79' lang='lat' dir='ltr'><strong><em>interpretatione</em></strong></span> <span class='ocrx_word' id='word_1_109' title='bbox 913 1391 1109 1450; x_wconf 90' lang='lat' dir='ltr'><strong><em>Psalmorum</em></strong></span> <span class='ocrx_word' id='word_1_110' title='bbox 1136 1423 1154 1434; x_wconf 97' lang='lat'>-</span> <span class='ocrx_word' id='word_1_111' title='bbox 1181 1391 1398 1467; x_wconf 81' lang='lat' dir='ltr'><strong><em>Enopsitiones</em></strong></span> <span class='ocrx_word' id='word_1_112' title='bbox 1426 1391 1467 1448; x_wconf 88' lang='lat' dir='ltr'><strong><em>in</em></strong></span> <span class='ocrx_word' id='word_1_113' title='bbox 1504 1389 1659 1448; x_wconf 86' lang='lat' dir='ltr'><strong><em>Psalmos.</em></strong></span> 
     </span>
     <span class='ocr_line' id='line_1_12' title="bbox 423 1469 1683 1566; baseline -0.002 -22"><span class='ocrx_word' id='word_1_114' title='bbox 423 1483 522 1566; x_wconf 84' lang='lat' dir='ltr'><strong><em>(Alia</em></strong></span> <span class='ocrx_word' id='word_1_115' title='bbox 550 1503 671 1562; x_wconf 89' lang='lat' dir='ltr'><strong><em>quoque</em></strong></span> <span class='ocrx_word' id='word_1_116' title='bbox 682 1489 789 1546; x_wconf 84' lang='lat' dir='ltr'><strong><em>exstat</em></strong></span> <span class='ocrx_word' id='word_1_117' title='bbox 810 1487 868 1546; x_wconf 89' lang='lat' dir='ltr'><strong><em>suh</em></strong></span> <span class='ocrx_word' id='word_1_118' title='bbox 887 1486 955 1546; x_wconf 90' lang='lat' dir='ltr'><strong><em>eius</em></strong></span> <span class='ocrx_word' id='word_1_119' title='bbox 983 1487 1104 1548; x_wconf 88' lang='lat' dir='ltr'><strong><em>nomine</em></strong></span> <span class='ocrx_word' id='word_1_120' title='bbox 1132 1521 1148 1534; x_wconf 95' lang='lat'>-</span> <span class='ocrx_word' id='word_1_121' title='bbox 1169 1469 1389 1565; x_wconf 74' lang='lat' dir='ltr'><strong><em>interpretatio</em></strong></span> <span class='ocrx_word' id='word_1_122' title='bbox 1420 1487 1637 1548; x_wconf 85' lang='lat' dir='ltr'><strong><em>Psalmorarn</em></strong></span> <span class='ocrx_word' id='word_1_123' title='bbox 1648 1481 1659 1552; x_wconf 87' lang='lat'><em>)</em></span> <span class='ocrx_word' id='word_1_124' title='bbox 1681 1557 1683 1560; x_wconf 16' lang='grc' dir='ltr'>Ι</span> 
     </span>
     <span class='ocr_line' id='line_1_13' title="bbox 425 1582 1662 1664; baseline -0.001 -23"><span class='ocrx_word' id='word_1_125' title='bbox 425 1616 456 1648; x_wconf 76' lang='grc'><strong><em>-.</em></strong></span> <span class='ocrx_word' id='word_1_126' title='bbox 470 1582 611 1660; x_wconf 89' lang='lat' dir='ltr'><strong><em>Epistola</em></strong></span> <span class='ocrx_word' id='word_1_127' title='bbox 633 1583 675 1642; x_wconf 90' lang='lat' dir='ltr'><strong><em>ad</em></strong></span> <span class='ocrx_word' id='word_1_128' title='bbox 706 1585 908 1644; x_wconf 80' lang='lat' dir='ltr'><strong><em>Dracontion</em></strong></span> <span class='ocrx_word' id='word_1_129' title='bbox 949 1619 965 1631; x_wconf 94' lang='lat'>-</span> <span class='ocrx_word' id='word_1_130' title='bbox 980 1587 1123 1664; x_wconf 72' lang='lat' dir='ltr'><strong><em>Epistola</em></strong></span> <span class='ocrx_word' id='word_1_131' title='bbox 1149 1587 1192 1647; x_wconf 89' lang='lat' dir='ltr'><strong><em>ad</em></strong></span> <span class='ocrx_word' id='word_1_132' title='bbox 1218 1587 1383 1646; x_wconf 83' lang='lat' dir='ltr'><strong><em>Antnnent.</em></strong></span> <span class='ocrx_word' id='word_1_133' title='bbox 1415 1586 1525 1648; x_wconf 88' lang='lat' dir='ltr'><strong><em>Hisce</em></strong></span> <span class='ocrx_word' id='word_1_134' title='bbox 1558 1582 1662 1662; x_wconf 88' lang='lat' dir='ltr'><strong><em>operi-</em></strong></span> 
     </span>
     <span class='ocr_line' id='line_1_14' title="bbox 425 1681 1658 1762; baseline 0 -24"><span class='ocrx_word' id='word_1_135' title='bbox 425 1681 483 1742; x_wconf 89' lang='lat' dir='ltr'><strong><em>bus</em></strong></span> <span class='ocrx_word' id='word_1_136' title='bbox 511 1681 702 1758; x_wconf 84' lang='lat' dir='ltr'><strong><em>adiugendae</em></strong></span> <span class='ocrx_word' id='word_1_137' title='bbox 729 1685 804 1741; x_wconf 90' lang='lat' dir='ltr'><strong><em>sunt</em></strong></span> <span class='ocrx_word' id='word_1_138' title='bbox 834 1684 1005 1759; x_wconf 80' lang='lat' dir='ltr'><strong><em>complures</em></strong></span> <span class='ocrx_word' id='word_1_139' title='bbox 1036 1684 1116 1744; x_wconf 88' lang='lat' dir='ltr'><strong><em>aliae</em></strong></span> <span class='ocrx_word' id='word_1_140' title='bbox 1146 1684 1300 1762; x_wconf 89' lang='lat' dir='ltr'><strong><em>epistolae</em></strong></span> <span class='ocrx_word' id='word_1_141' title='bbox 1331 1683 1470 1744; x_wconf 90' lang='lat' dir='ltr'><strong><em>minores</em></strong></span> <span class='ocrx_word' id='word_1_142' title='bbox 1508 1684 1658 1744; x_wconf 78' lang='lat' dir='ltr'><strong><em>taltorta·</em></strong></span> 
     </span>
     <span class='ocr_line' id='line_1_15' title="bbox 426 1780 1657 1860; baseline -0.001 -23"><span class='ocrx_word' id='word_1_143' title='bbox 426 1780 536 1852; x_wconf 90' lang='lat' dir='ltr'><strong><em>toriae,</em></strong></span> <span class='ocrx_word' id='word_1_144' title='bbox 565 1780 784 1840; x_wconf 67' lang='lat' dir='ltr'><strong><em>nomentanae</em></strong></span> <span class='ocrx_word' id='word_1_145' title='bbox 804 1784 836 1840; x_wconf 90' lang='lat' dir='ltr'><strong><em>et</em></strong></span> <span class='ocrx_word' id='word_1_146' title='bbox 855 1782 978 1857; x_wconf 78' lang='lat' dir='ltr'><strong><em>festales</em></strong></span> <span class='ocrx_word' id='word_1_147' title='bbox 997 1786 1029 1841; x_wconf 89' lang='lat' dir='ltr'><strong><em>et</em></strong></span> <span class='ocrx_word' id='word_1_148' title='bbox 1048 1781 1359 1860; x_wconf 58' lang='lat' dir='ltr'><strong><em>multastragmenta</em></strong></span> <span class='ocrx_word' id='word_1_149' title='bbox 1384 1800 1529 1858; x_wconf 88' lang='lat' dir='ltr'><strong><em>quorum</em></strong></span> <span class='ocrx_word' id='word_1_150' title='bbox 1553 1784 1657 1840; x_wconf 87' lang='lat' dir='ltr'><strong><em>tamen</em></strong></span> 
     </span>
     <span class='ocr_line' id='line_1_16' title="bbox 426 1877 1657 1957; baseline -0.003 -19"><span class='ocrx_word' id='word_1_151' title='bbox 426 1879 643 1956; x_wconf 89' lang='lat' dir='ltr'><strong><em>plerorumque</em></strong></span> <span class='ocrx_word' id='word_1_152' title='bbox 663 1877 828 1938; x_wconf 83' lang='lat' dir='ltr'><strong><em>authentia</em></strong></span> <span class='ocrx_word' id='word_1_153' title='bbox 848 1879 991 1938; x_wconf 89' lang='lat' dir='ltr'><strong><em>nonnihil</em></strong></span> <span class='ocrx_word' id='word_1_154' title='bbox 1013 1880 1107 1940; x_wconf 89' lang='lat' dir='ltr'><strong><em>dubia</em></strong></span> <span class='ocrx_word' id='word_1_155' title='bbox 1127 1885 1187 1940; x_wconf 90' lang='lat' dir='ltr'><strong><em>est.</em></strong></span> <span class='ocrx_word' id='word_1_156' title='bbox 1205 1880 1419 1957; x_wconf 87' lang='lat' dir='ltr'><strong><em>-Symbolum</em></strong></span> <span class='ocrx_word' id='word_1_157' title='bbox 1441 1881 1534 1955; x_wconf 89' lang='lat' dir='ltr'><strong><em>quod</em></strong></span> <span class='ocrx_word' id='word_1_158' title='bbox 1560 1879 1657 1936; x_wconf 85' lang='lat' dir='ltr'><strong><em>Atha·</em></strong></span> 
     </span>
     <span class='ocr_line' id='line_1_17' title="bbox 426 1955 1656 2054; baseline -0.004 -18"><span class='ocrx_word' id='word_1_159' title='bbox 426 1975 589 2036; x_wconf 89' lang='lat' dir='ltr'><strong><em>nasianum</em></strong></span> <span class='ocrx_word' id='word_1_160' title='bbox 622 1976 750 2048; x_wconf 91' lang='lat' dir='ltr'><strong><em>dicitur,</em></strong></span> <span class='ocrx_word' id='word_1_161' title='bbox 772 1995 831 2036; x_wconf 92' lang='lat' dir='ltr'><strong><em>non</em></strong></span> <span class='ocrx_word' id='word_1_162' title='bbox 863 1977 989 2038; x_wconf 88' lang='lat' dir='ltr'><strong><em>videtur</em></strong></span> <span class='ocrx_word' id='word_1_163' title='bbox 1007 1955 1044 2038; x_wconf 61' lang='lat' dir='ltr'><strong><em>lei</em></strong></span> <span class='ocrx_word' id='word_1_164' title='bbox 1073 1978 1273 2038; x_wconf 87' lang='lat' dir='ltr'><strong><em>tribuendum</em></strong></span> <span class='ocrx_word' id='word_1_165' title='bbox 1301 1982 1367 2038; x_wconf 91' lang='lat' dir='ltr'><strong><em>tum</em></strong></span> <span class='ocrx_word' id='word_1_166' title='bbox 1397 1979 1474 2054; x_wconf 89' lang='lat' dir='ltr'><strong><em>quia</em></strong></span> <span class='ocrx_word' id='word_1_167' title='bbox 1508 1975 1656 2038; x_wconf 88' lang='lat' dir='ltr'><strong><em>continet</em></strong></span> 
     </span>
     <span class='ocr_line' id='line_1_18' title="bbox 427 2073 1657 2153; baseline -0.002 -21"><span class='ocrx_word' id='word_1_168' title='bbox 427 2073 609 2150; x_wconf 89' lang='lat' dir='ltr'><strong><em>perspicuas</em></strong></span> <span class='ocrx_word' id='word_1_169' title='bbox 626 2079 736 2134; x_wconf 89' lang='lat' dir='ltr'><strong><em>contra</em></strong></span> <span class='ocrx_word' id='word_1_170' title='bbox 750 2075 893 2134; x_wconf 83' lang='lat' dir='ltr'><strong><em>haereses</em></strong></span> <span class='ocrx_word' id='word_1_171' title='bbox 909 2075 1060 2138; x_wconf 88' lang='lat' dir='ltr'><strong><em>formulas</em></strong></span> <span class='ocrx_word' id='word_1_172' title='bbox 1075 2077 1250 2137; x_wconf 85' lang='lat' dir='ltr'><strong><em>Athanasio</em></strong></span> <span class='ocrx_word' id='word_1_173' title='bbox 1265 2076 1468 2153; x_wconf 85' lang='lat' dir='ltr'><strong><em>posteriores,</em></strong></span> <span class='ocrx_word' id='word_1_174' title='bbox 1489 2080 1566 2135; x_wconf 92' lang='lat' dir='ltr'><strong><em>tum</em></strong></span> <span class='ocrx_word' id='word_1_175' title='bbox 1587 2073 1657 2149; x_wconf 88' lang='lat' dir='ltr'><strong><em>quia</em></strong></span> 
     </span>
     <span class='ocr_line' id='line_1_19' title="bbox 429 2172 1653 2254; baseline -0.001 -24"><span class='ocrx_word' id='word_1_176' title='bbox 429 2188 489 2230; x_wconf 90' lang='lat' dir='ltr'><strong><em>non</em></strong></span> <span class='ocrx_word' id='word_1_177' title='bbox 514 2172 655 2232; x_wconf 90' lang='lat' dir='ltr'><strong><em>eontinet</em></strong></span> <span class='ocrx_word' id='word_1_178' title='bbox 683 2173 870 2234; x_wconf 81' lang='lat' dir='ltr'><strong><em>vocabulum</em></strong></span> <span class='ocrx_word' id='word_1_179' title='bbox 891 2175 1031 2246; x_wconf 78' lang='grc' dir='ltr'>ὁμοούσιον</span> <span class='ocrx_word' id='word_1_180' title='bbox 1056 2177 1094 2236; x_wconf 91' lang='lat' dir='ltr'><strong><em>ab</em></strong></span> <span class='ocrx_word' id='word_1_181' title='bbox 1119 2177 1186 2254; x_wconf 89' lang='lat' dir='ltr'><strong><em>ipso</em></strong></span> <span class='ocrx_word' id='word_1_182' title='bbox 1213 2178 1374 2250; x_wconf 85' lang='lat' dir='ltr'><strong><em>tantopere</em></strong></span> <span class='ocrx_word' id='word_1_183' title='bbox 1403 2177 1653 2251; x_wconf 84' lang='lat' dir='ltr'><strong><em>propugnatum.</em></strong></span> 
     </span>
     <span class='ocr_line' id='line_1_20' title="bbox 428 2269 1655 2347; baseline -0.003 -18"><span class='ocrx_word' id='word_1_184' title='bbox 428 2269 556 2330; x_wconf 81' lang='lat' dir='ltr'><strong><em>Censori</em></strong></span> <span class='ocrx_word' id='word_1_185' title='bbox 570 2272 674 2346; x_wconf 89' lang='lat' dir='ltr'><strong><em>potest</em></strong></span> <span class='ocrx_word' id='word_1_186' title='bbox 689 2272 842 2347; x_wconf 87' lang='lat' dir='ltr'><strong><em>scriptum</em></strong></span> <span class='ocrx_word' id='word_1_187' title='bbox 859 2271 958 2332; x_wconf 84' lang='lat' dir='ltr'><strong><em>fuisse</em></strong></span> <span class='ocrx_word' id='word_1_188' title='bbox 973 2275 1023 2334; x_wconf 86' lang='lat' dir='ltr'><strong><em>vel</em></strong></span> <span class='ocrx_word' id='word_1_189' title='bbox 1038 2274 1137 2333; x_wconf 92' lang='lat' dir='ltr'><strong><em>medio</em></strong></span> <span class='ocrx_word' id='word_1_190' title='bbox 1152 2275 1202 2334; x_wconf 88' lang='lat' dir='ltr'><strong><em>vel</em></strong></span> <span class='ocrx_word' id='word_1_191' title='bbox 1217 2277 1350 2334; x_wconf 81' lang='lat' dir='ltr'><strong><em>exeunte</em></strong></span> <span class='ocrx_word' id='word_1_192' title='bbox 1366 2272 1525 2332; x_wconf 79' lang='lat' dir='ltr'><strong><em>seculov.</em></strong></span> <span class='ocrx_word' id='word_1_193' title='bbox 1545 2269 1655 2347; x_wconf 87' lang='lat' dir='ltr'><strong><em>Stylus</em></strong></span> 
     </span>
     <span class='ocr_line' id='line_1_21' title="bbox 386 2369 1655 2448; baseline -0.004 -21"><span class='ocrx_word' id='word_1_194' title='bbox 386 2421 388 2427; x_wconf 93' lang='lat'><em>.</em></span> <span class='ocrx_word' id='word_1_195' title='bbox 429 2369 497 2428; x_wconf 89' lang='lat' dir='ltr'><strong><em>eius</em></strong></span> <span class='ocrx_word' id='word_1_196' title='bbox 519 2369 610 2429; x_wconf 83' lang='lat' dir='ltr'><strong><em>iuxta</em></strong></span> <span class='ocrx_word' id='word_1_197' title='bbox 630 2369 777 2430; x_wconf 86' lang='lat' dir='ltr'><strong><em>Photium</em></strong></span> <span class='ocrx_word' id='word_1_198' title='bbox 800 2371 925 2448; x_wconf 85' lang='lat' dir='ltr'><strong><em>elegans</em></strong></span> <span class='ocrx_word' id='word_1_199' title='bbox 940 2372 1034 2430; x_wconf 88' lang='lat' dir='ltr'><strong><em>simul</em></strong></span> <span class='ocrx_word' id='word_1_200' title='bbox 1048 2390 1083 2430; x_wconf 92' lang='grc'><strong><em>11</em></strong></span> <span class='ocrx_word' id='word_1_201' title='bbox 1099 2371 1278 2448; x_wconf 87' lang='lat' dir='ltr'><strong><em>splendidus</em></strong></span> <span class='ocrx_word' id='word_1_202' title='bbox 1289 2374 1349 2430; x_wconf 92' lang='lat' dir='ltr'><strong><em>est.</em></strong></span> <span class='ocrx_word' id='word_1_203' title='bbox 1365 2371 1467 2430; x_wconf 89' lang='lat' dir='ltr'><strong><em>Tanta</em></strong></span> <span class='ocrx_word' id='word_1_204' title='bbox 1489 2387 1575 2428; x_wconf 87' lang='lat' dir='ltr'><strong><em>vero</em></strong></span> <span class='ocrx_word' id='word_1_205' title='bbox 1590 2369 1655 2426; x_wconf 86' lang='lat' dir='ltr'><strong><em>erat</em></strong></span> 
     </span>
     <span class='ocr_line' id='line_1_22' title="bbox 430 2465 1654 2550; baseline -0.007 -22"><span class='ocrx_word' id='word_1_206' title='bbox 430 2469 463 2528; x_wconf 93' lang='lat' dir='ltr'><strong><em>in</em></strong></span> <span class='ocrx_word' id='word_1_207' title='bbox 472 2467 647 2528; x_wconf 86' lang='lat' dir='ltr'><strong><em>Athanasio</em></strong></span> <span class='ocrx_word' id='word_1_208' title='bbox 662 2468 780 2546; x_wconf 87' lang='lat' dir='ltr'><strong><em>ingenii</em></strong></span> <span class='ocrx_word' id='word_1_209' title='bbox 795 2468 844 2530; x_wconf 87' lang='lat' dir='ltr'><strong><em>vis</em></strong></span> <span class='ocrx_word' id='word_1_210' title='bbox 859 2470 891 2527; x_wconf 88' lang='lat' dir='ltr'><strong><em>et</em></strong></span> <span class='ocrx_word' id='word_1_211' title='bbox 905 2485 1024 2528; x_wconf 90' lang='lat' dir='ltr'><strong><em>morum</em></strong></span> <span class='ocrx_word' id='word_1_212' title='bbox 1038 2471 1205 2542; x_wconf 87' lang='lat' dir='ltr'><strong><em>sanctitas,</em></strong></span> <span class='ocrx_word' id='word_1_213' title='bbox 1223 2473 1258 2528; x_wconf 91' lang='lat' dir='ltr'><strong><em>ut</em></strong></span> <span class='ocrx_word' id='word_1_214' title='bbox 1273 2469 1341 2528; x_wconf 86' lang='lat' dir='ltr'><strong><em>vita</em></strong></span> <span class='ocrx_word' id='word_1_215' title='bbox 1354 2465 1422 2527; x_wconf 84' lang='lat' dir='ltr'><strong><em>eius</em></strong></span> <span class='ocrx_word' id='word_1_216' title='bbox 1434 2468 1654 2550; x_wconf 86' lang='lat' dir='ltr'><strong><em>Episcopatus</em></strong></span> 
     </span>
     <span class='ocr_line' id='line_1_23' title="bbox 431 2565 1652 2644; baseline -0.007 -19"><span class='ocrx_word' id='word_1_217' title='bbox 431 2584 539 2626; x_wconf 89' lang='lat' dir='ltr'><strong><em>norma</em></strong></span> <span class='ocrx_word' id='word_1_218' title='bbox 560 2569 654 2638; x_wconf 86' lang='lat' dir='ltr'><strong><em>esset,</em></strong></span> <span class='ocrx_word' id='word_1_219' title='bbox 671 2571 703 2624; x_wconf 90' lang='lat' dir='ltr'><strong><em>et</em></strong></span> <span class='ocrx_word' id='word_1_220' title='bbox 718 2565 817 2642; x_wconf 91' lang='lat' dir='ltr'><strong><em>ipsius</em></strong></span> <span class='ocrx_word' id='word_1_221' title='bbox 839 2567 983 2644; x_wconf 86' lang='lat' dir='ltr'><strong><em>dogmata</em></strong></span> <span class='ocrx_word' id='word_1_222' title='bbox 997 2584 1054 2644; x_wconf 89' lang='lat' dir='ltr'><strong><em>pro</em></strong></span> <span class='ocrx_word' id='word_1_223' title='bbox 1068 2567 1139 2642; x_wconf 72' lang='lat' dir='ltr'><strong><em>fidei</em></strong></span> <span class='ocrx_word' id='word_1_224' title='bbox 1154 2567 1345 2626; x_wconf 83' lang='lat' dir='ltr'><strong><em>orthodoxae</em></strong></span> <span class='ocrx_word' id='word_1_225' title='bbox 1360 2566 1427 2644; x_wconf 84' lang='lat' dir='ltr'><strong><em>lege</em></strong></span> <span class='ocrx_word' id='word_1_226' title='bbox 1443 2566 1652 2626; x_wconf 88' lang='lat' dir='ltr'><strong><em>haberentur.</em></strong></span> 
     </span>
     <span class='ocr_line' id='line_1_24' title="bbox 432 2659 1655 2742; baseline -0.002 -18"><span class='ocrx_word' id='word_1_227' title='bbox 432 2666 487 2724; x_wconf 89' lang='lat' dir='ltr'><strong><em>Ed.</em></strong></span> <span class='ocrx_word' id='word_1_228' title='bbox 508 2664 645 2724; x_wconf 91' lang='lat' dir='ltr'><strong><em>omnium</em></strong></span> <span class='ocrx_word' id='word_1_229' title='bbox 676 2664 949 2742; x_wconf 85' lang='lat' dir='ltr'><strong><em>praestantissima</em></strong></span> <span class='ocrx_word' id='word_1_230' title='bbox 979 2669 1028 2724; x_wconf 89' lang='lat' dir='ltr'><strong><em>est</em></strong></span> <span class='ocrx_word' id='word_1_231' title='bbox 1049 2665 1195 2724; x_wconf 90' lang='lat' dir='ltr'><strong><em>Maurina</em></strong></span> <span class='ocrx_word' id='word_1_232' title='bbox 1215 2665 1318 2725; x_wconf 88' lang='lat' dir='ltr'><strong><em>Paris.</em></strong></span> <span class='ocrx_word' id='word_1_233' title='bbox 1342 2664 1419 2723; x_wconf 83' lang='lat'>1698</span> <span class='ocrx_word' id='word_1_234' title='bbox 1440 2665 1531 2724; x_wconf 87' lang='lat' dir='ltr'><strong><em>Tom.</em></strong></span> <span class='ocrx_word' id='word_1_235' title='bbox 1558 2664 1602 2724; x_wconf 94' lang='grc' dir='ltr'><strong><em>ΙΙ.</em></strong></span> <span class='ocrx_word' id='word_1_236' title='bbox 1625 2659 1655 2716; x_wconf 83' lang='grc'><strong>’111</strong></span> 
     </span>
     <span class='ocr_line' id='line_1_25' title="bbox 432 2754 1656 2839; baseline -0.006 -17"><span class='ocrx_word' id='word_1_237' title='bbox 432 2762 536 2822; x_wconf 86' lang='lat' dir='ltr'><strong><em>tribus</em></strong></span> <span class='ocrx_word' id='word_1_238' title='bbox 558 2762 628 2824; x_wconf 88' lang='lat' dir='ltr'><strong><em>Vol.</em></strong></span> <span class='ocrx_word' id='word_1_239' title='bbox 649 2760 704 2822; x_wconf 83' lang='lat' dir='ltr'><strong><em>fol.</em></strong></span> <span class='ocrx_word' id='word_1_240' title='bbox 727 2762 809 2822; x_wconf 88' lang='lat' dir='ltr'><strong><em>Huic</em></strong></span> <span class='ocrx_word' id='word_1_241' title='bbox 831 2765 933 2822; x_wconf 90' lang='lat' dir='ltr'><strong><em>tamen</em></strong></span> <span class='ocrx_word' id='word_1_242' title='bbox 965 2761 1095 2822; x_wconf 88' lang='lat' dir='ltr'><strong><em>editioni</em></strong></span> <span class='ocrx_word' id='word_1_243' title='bbox 1115 2763 1243 2839; x_wconf 83' lang='lat' dir='ltr'><strong><em>adiungi</em></strong></span> <span class='ocrx_word' id='word_1_244' title='bbox 1265 2754 1377 2822; x_wconf 87' lang='lat' dir='ltr'><strong><em>dehent</em></strong></span> <span class='ocrx_word' id='word_1_245' title='bbox 1398 2780 1476 2838; x_wconf 87' lang='lat' dir='ltr'><strong><em>quae</em></strong></span> <span class='ocrx_word' id='word_1_246' title='bbox 1508 2763 1597 2824; x_wconf 87' lang='lat' dir='ltr'><strong><em>idem</em></strong></span> <span class='ocrx_word' id='word_1_247' title='bbox 1621 2759 1656 2817; x_wconf 91' lang='lat' dir='ltr'><strong><em>B.</em></strong></span> 
     </span>
     <span class='ocr_line' id='line_1_26' title="bbox 431 2857 1654 2922; baseline -0.007 -1"><span class='ocrx_word' id='word_1_248' title='bbox 431 2863 468 2921; x_wconf 90' lang='lat' dir='ltr'><strong><em>de</em></strong></span> <span class='ocrx_word' id='word_1_249' title='bbox 488 2857 694 2922; x_wconf 83' lang='lat' dir='ltr'><strong><em>Montfaucon</em></strong></span> <span class='ocrx_word' id='word_1_250' title='bbox 724 2861 758 2920; x_wconf 90' lang='lat' dir='ltr'><strong><em>in</em></strong></span> <span class='ocrx_word' id='word_1_251' title='bbox 787 2879 869 2920; x_wconf 87' lang='lat' dir='ltr'><strong><em>nova</em></strong></span> <span class='ocrx_word' id='word_1_252' title='bbox 898 2860 1027 2920; x_wconf 78' lang='lat' dir='ltr'><strong><em>Colleet.</em></strong></span> <span class='ocrx_word' id='word_1_253' title='bbox 1057 2857 1654 2922; x_wconf 61' lang='grc'><strong>11111111111111111.1111111.</strong></span> 
     </span>
     <span class='ocr_line' id='line_1_27' title="bbox 378 2958 824 3022; baseline -0.009 -2"><span class='ocrx_word' id='word_1_254' title='bbox 378 2989 380 2995; x_wconf 95' lang='lat'>·</span> <span class='ocrx_word' id='word_1_255' title='bbox 434 2961 511 3022; x_wconf 83' lang='lat'>1706</span> <span class='ocrx_word' id='word_1_256' title='bbox 531 2960 564 3019; x_wconf 91' lang='lat' dir='ltr'><strong><em>in</em></strong></span> <span class='ocrx_word' id='word_1_257' title='bbox 585 2960 686 3019; x_wconf 88' lang='lat' dir='ltr'><strong><em>lucem</em></strong></span> <span class='ocrx_word' id='word_1_258' title='bbox 707 2958 824 3018; x_wconf 87' lang='lat' dir='ltr'><strong><em>emisit.</em></strong></span> 
     </span>
    </p>

    <p class='ocr_par' dir='ltr' id='par_1_2' title="bbox 431 3055 1656 3820">
     <span class='ocr_line' id='line_1_28' title="bbox 492 3055 1654 3141; baseline -0.01 -19"><span class='ocrx_word' id='word_1_259' title='bbox 492 3061 523 3122; x_wconf 85' lang='lat' dir='ltr'><strong><em>S.</em></strong></span> <span class='ocrx_word' id='word_1_260' title='bbox 548 3059 699 3121; x_wconf 79' lang='lat' dir='ltr'><strong><em>Ormuuus</em></strong></span> <span class='ocrx_word' id='word_1_261' title='bbox 721 3059 848 3141; x_wconf 84' lang='lat' dir='ltr'><strong><em>Hmups.</em></strong></span> <span class='ocrx_word' id='word_1_262' title='bbox 871 3056 956 3138; x_wconf 85' lang='grc'><strong>(1.1.</strong></span> <span class='ocrx_word' id='word_1_263' title='bbox 980 3055 1064 3136; x_wconf 87' lang='lat'>350).</span> <span class='ocrx_word' id='word_1_264' title='bbox 1094 3057 1231 3134; x_wconf 87' lang='lat' dir='ltr'><strong><em>Scripsit</em></strong></span> <span class='ocrx_word' id='word_1_265' title='bbox 1253 3057 1424 3118; x_wconf 70' lang='lat' dir='ltr'><strong><em>catecheses</em></strong></span> <span class='ocrx_word' id='word_1_266' title='bbox 1443 3055 1492 3114; x_wconf 85' lang='lat'><strong><em>23.</em></strong></span> <span class='ocrx_word' id='word_1_267' title='bbox 1516 3069 1654 3134; x_wconf 87' lang='lat' dir='ltr'><strong><em>quarum</em></strong></span> 
     </span>
     <span class='ocr_line' id='line_1_29' title="bbox 435 3141 1653 3232; baseline -0.007 -14"><span class='ocrx_word' id='word_1_268' title='bbox 435 3160 472 3218; x_wconf 89' lang='grc'><strong><em>18</em></strong></span> <span class='ocrx_word' id='word_1_269' title='bbox 493 3159 530 3218; x_wconf 90' lang='lat' dir='ltr'><strong><em>ad</em></strong></span> <span class='ocrx_word' id='word_1_270' title='bbox 551 3157 773 3217; x_wconf 88' lang='lat' dir='ltr'><strong><em>illuminandos</em></strong></span> <span class='ocrx_word' id='word_1_271' title='bbox 795 3141 1046 3228; x_wconf 60' lang='lat' dir='ltr'><strong><em>catechumenos</em></strong></span> <span class='ocrx_word' id='word_1_272' title='bbox 1069 3159 1088 3216; x_wconf 87' lang='lat'>5</span> <span class='ocrx_word' id='word_1_273' title='bbox 1110 3173 1185 3216; x_wconf 87' lang='lat' dir='ltr'><strong><em>vero</em></strong></span> <span class='ocrx_word' id='word_1_274' title='bbox 1205 3174 1283 3232; x_wconf 85' lang='lat' dir='ltr'><strong><em>quae</em></strong></span> <span class='ocrx_word' id='word_1_275' title='bbox 1309 3153 1508 3232; x_wconf 90' lang='lat' dir='ltr'><strong><em>appellantur</em></strong></span> <span class='ocrx_word' id='word_1_276' title='bbox 1530 3155 1653 3230; x_wconf 88' lang='lat' dir='ltr'><strong><em>mysta-</em></strong></span> 
     </span>
     <span class='ocr_line' id='line_1_30' title="bbox 435 3251 1655 3340; baseline -0.008 -24"><span class='ocrx_word' id='word_1_277' title='bbox 435 3256 563 3335; x_wconf 81' lang='lat' dir='ltr'><strong><em>gogioae</em></strong></span> <span class='ocrx_word' id='word_1_278' title='bbox 584 3257 621 3314; x_wconf 90' lang='lat' dir='ltr'><strong><em>ad</em></strong></span> <span class='ocrx_word' id='word_1_279' title='bbox 642 3256 835 3314; x_wconf 88' lang='lat' dir='ltr'><strong><em>illuminatos</em></strong></span> <span class='ocrx_word' id='word_1_280' title='bbox 858 3272 911 3314; x_wconf 87' lang='lat' dir='ltr'><strong><em>seu</em></strong></span> <span class='ocrx_word' id='word_1_281' title='bbox 933 3255 1108 3340; x_wconf 85' lang='lat' dir='ltr'><strong><em>neophytos</em></strong></span> <span class='ocrx_word' id='word_1_282' title='bbox 1130 3254 1181 3330; x_wconf 85' lang='lat' dir='ltr'><strong><em>qui</em></strong></span> <span class='ocrx_word' id='word_1_283' title='bbox 1197 3252 1353 3330; x_wconf 89' lang='lat' dir='ltr'><strong><em>baptisma</em></strong></span> <span class='ocrx_word' id='word_1_284' title='bbox 1374 3255 1582 3330; x_wconf 88' lang='lat' dir='ltr'><strong><em>susceperant</em></strong></span> <span class='ocrx_word' id='word_1_285' title='bbox 1603 3251 1655 3307; x_wconf 92' lang='lat' dir='ltr'><strong><em>ha-</em></strong></span> 
     </span>
     <span class='ocr_line' id='line_1_31' title="bbox 434 3350 1654 3433; baseline -0.007 -21"><span class='ocrx_word' id='word_1_286' title='bbox 434 3355 518 3412; x_wconf 88' lang='lat' dir='ltr'><strong><em>bitae</em></strong></span> <span class='ocrx_word' id='word_1_287' title='bbox 539 3355 623 3412; x_wconf 91' lang='lat' dir='ltr'><strong><em>sunt.</em></strong></span> <span class='ocrx_word' id='word_1_288' title='bbox 646 3353 682 3412; x_wconf 93' lang='lat' dir='ltr'><strong><em>ln</em></strong></span> <span class='ocrx_word' id='word_1_289' title='bbox 703 3352 814 3429; x_wconf 86' lang='lat' dir='ltr'><strong><em>primis</em></strong></span> <span class='ocrx_word' id='word_1_290' title='bbox 836 3352 900 3410; x_wconf 91' lang='lat' dir='ltr'><strong><em>illis</em></strong></span> <span class='ocrx_word' id='word_1_291' title='bbox 923 3369 1023 3410; x_wconf 89' lang='lat' dir='ltr'><strong><em>sermo</em></strong></span> <span class='ocrx_word' id='word_1_292' title='bbox 1044 3353 1094 3410; x_wconf 91' lang='lat' dir='ltr'><strong><em>est</em></strong></span> <span class='ocrx_word' id='word_1_293' title='bbox 1114 3351 1306 3433; x_wconf 17' lang='lat' dir='ltr'><strong><em>praesertim*</em></strong></span> <span class='ocrx_word' id='word_1_294' title='bbox 1320 3351 1356 3408; x_wconf 87' lang='lat' dir='ltr'><strong><em>de</em></strong></span> <span class='ocrx_word' id='word_1_295' title='bbox 1371 3350 1512 3426; x_wconf 90' lang='lat' dir='ltr'><strong><em>symbolo</em></strong></span> <span class='ocrx_word' id='word_1_296' title='bbox 1530 3354 1564 3408; x_wconf 91' lang='lat' dir='ltr'><strong><em>et</em></strong></span> <span class='ocrx_word' id='word_1_297' title='bbox 1586 3365 1654 3406; x_wconf 87' lang='lat' dir='ltr'><strong><em>ora·</em></strong></span> 
     </span>
     <span class='ocr_line' id='line_1_32' title="bbox 435 3447 1654 3526; baseline -0.008 -16"><span class='ocrx_word' id='word_1_298' title='bbox 435 3451 520 3510; x_wconf 90' lang='lat' dir='ltr'><strong><em>tione</em></strong></span> <span class='ocrx_word' id='word_1_299' title='bbox 541 3449 708 3522; x_wconf 88' lang='lat' dir='ltr'><strong><em>dominica,</em></strong></span> <span class='ocrx_word' id='word_1_300' title='bbox 739 3450 771 3508; x_wconf 94' lang='lat' dir='ltr'><strong><em>in</em></strong></span> <span class='ocrx_word' id='word_1_301' title='bbox 803 3450 852 3508; x_wconf 90' lang='lat' dir='ltr'><strong><em>his</em></strong></span> <span class='ocrx_word' id='word_1_302' title='bbox 883 3450 919 3508; x_wconf 90' lang='lat' dir='ltr'><strong><em>de</em></strong></span> <span class='ocrx_word' id='word_1_303' title='bbox 949 3449 1106 3508; x_wconf 88' lang='lat' dir='ltr'><strong><em>Trinitate</em></strong></span> <span class='ocrx_word' id='word_1_304' title='bbox 1127 3453 1159 3507; x_wconf 88' lang='lat' dir='ltr'><strong><em>et</em></strong></span> <span class='ocrx_word' id='word_1_305' title='bbox 1180 3448 1251 3508; x_wconf 88' lang='lat' dir='ltr'><strong><em>aliis</em></strong></span> <span class='ocrx_word' id='word_1_306' title='bbox 1279 3447 1440 3524; x_wconf 85' lang='lat' dir='ltr'><strong><em>mysteriis</em></strong></span> <span class='ocrx_word' id='word_1_307' title='bbox 1470 3450 1505 3508; x_wconf 92' lang='lat' dir='ltr'><strong><em>de</em></strong></span> <span class='ocrx_word' id='word_1_308' title='bbox 1537 3448 1654 3526; x_wconf 89' lang='lat' dir='ltr'><strong><em>quihus</em></strong></span> 
     </span>
     <span class='ocr_line' id='line_1_33' title="bbox 436 3540 1655 3626; baseline -0.003 -20"><span class='ocrx_word' id='word_1_309' title='bbox 436 3552 507 3626; x_wconf 92' lang='lat' dir='ltr'><strong><em>post</em></strong></span> <span class='ocrx_word' id='word_1_310' title='bbox 528 3547 682 3624; x_wconf 88' lang='lat' dir='ltr'><strong><em>baptisma</em></strong></span> <span class='ocrx_word' id='word_1_311' title='bbox 706 3547 931 3606; x_wconf 86' lang='lat' dir='ltr'><strong><em>erudiebantur</em></strong></span> <span class='ocrx_word' id='word_1_312' title='bbox 958 3546 1089 3606; x_wconf 79' lang='lat' dir='ltr'><strong><em>hueles1</em></strong></span> <span class='ocrx_word' id='word_1_313' title='bbox 1119 3546 1287 3606; x_wconf 88' lang='lat' dir='ltr'><strong><em>Humiliam</em></strong></span> <span class='ocrx_word' id='word_1_314' title='bbox 1314 3545 1348 3602; x_wconf 92' lang='lat' dir='ltr'><strong><em>in</em></strong></span> <span class='ocrx_word' id='word_1_315' title='bbox 1373 3546 1583 3620; x_wconf 83' lang='lat' dir='ltr'><strong><em>Paraliticnnn</em></strong></span> <span class='ocrx_word' id='word_1_316' title='bbox 1613 3540 1655 3602; x_wconf 86' lang='lat' dir='ltr'><strong><em>ad</em></strong></span> 
     </span>
     <span class='ocr_line' id='line_1_34' title="bbox 431 3640 1656 3724; baseline -0.007 -20"><span class='ocrx_word' id='word_1_317' title='bbox 431 3647 584 3723; x_wconf 82' lang='lat' dir='ltr'><strong><em>piscinam</em></strong></span> <span class='ocrx_word' id='word_1_318' title='bbox 604 3647 753 3706; x_wconf 83' lang='lat' dir='ltr'><strong><em>iacentenn</em></strong></span> <span class='ocrx_word' id='word_1_319' title='bbox 774 3679 792 3689; x_wconf 95' lang='lat'><em>-</em></span> <span class='ocrx_word' id='word_1_320' title='bbox 813 3646 986 3724; x_wconf 78' lang='lat' dir='ltr'><strong><em>Epistolant</em></strong></span> <span class='ocrx_word' id='word_1_321' title='bbox 1017 3644 1059 3703; x_wconf 90' lang='lat' dir='ltr'><strong><em>ad</em></strong></span> <span class='ocrx_word' id='word_1_322' title='bbox 1090 3645 1305 3704; x_wconf 80' lang='lat' dir='ltr'><strong><em>Constantiana</em></strong></span> <span class='ocrx_word' id='word_1_323' title='bbox 1326 3677 1343 3686; x_wconf 96' lang='lat'><em>-</em></span> <span class='ocrx_word' id='word_1_324' title='bbox 1363 3643 1452 3703; x_wconf 81' lang='lat' dir='ltr'><strong><em>Aliae</em></strong></span> <span class='ocrx_word' id='word_1_325' title='bbox 1466 3643 1533 3702; x_wconf 88' lang='lat' dir='ltr'><strong><em>eius</em></strong></span> <span class='ocrx_word' id='word_1_326' title='bbox 1546 3640 1656 3705; x_wconf 90' lang='lat' dir='ltr'><strong><em>Homi-</em></strong></span> 
     </span>
     <span class='ocr_line' id='line_1_35' title="bbox 436 3742 1652 3820; baseline -0.007 -17"><span class='ocrx_word' id='word_1_327' title='bbox 436 3745 496 3803; x_wconf 91' lang='lat' dir='ltr'><strong><em>liae</em></strong></span> <span class='ocrx_word' id='word_1_328' title='bbox 518 3744 690 3820; x_wconf 86' lang='lat' dir='ltr'><strong><em>perierunt,</em></strong></span> <span class='ocrx_word' id='word_1_329' title='bbox 713 3763 752 3804; x_wconf 83' lang='lat' dir='ltr'><strong><em>ex</em></strong></span> <span class='ocrx_word' id='word_1_330' title='bbox 773 3745 886 3820; x_wconf 91' lang='lat' dir='ltr'><strong><em>quibus</em></strong></span> <span class='ocrx_word' id='word_1_331' title='bbox 907 3744 1103 3818; x_wconf 79' lang='lat' dir='ltr'><strong><em>Eraprnenta</em></strong></span> <span class='ocrx_word' id='word_1_332' title='bbox 1115 3745 1274 3818; x_wconf 88' lang='lat' dir='ltr'><strong><em>quaedam,</em></strong></span> <span class='ocrx_word' id='word_1_333' title='bbox 1289 3742 1364 3802; x_wconf 89' lang='lat' dir='ltr'><strong><em>lieet</em></strong></span> <span class='ocrx_word' id='word_1_334' title='bbox 1380 3761 1440 3802; x_wconf 91' lang='lat' dir='ltr'><strong><em>nou</em></strong></span> <span class='ocrx_word' id='word_1_335' title='bbox 1455 3747 1548 3804; x_wconf 84' lang='lat' dir='ltr'><strong><em>extra</em></strong></span> <span class='ocrx_word' id='word_1_336' title='bbox 1562 3757 1652 3800; x_wconf 86' lang='lat' dir='ltr'><strong><em>omne</em></strong></span> 
     </span>
    </p>
   </div>
   <div class='ocr_carea' id='block_1_2' title="bbox 438 3839 1653 3917">
    <p class='ocr_par' dir='ltr' id='par_1_3' title="bbox 438 3839 1653 3917">
     <span class='ocr_line' id='line_1_36' title="bbox 438 3839 1653 3917; baseline -0.005 -17"><span class='ocrx_word' id='word_1_337' title='bbox 438 3840 564 3900; x_wconf 89' lang='lat' dir='ltr'><strong><em>dubium</em></strong></span> <span class='ocrx_word' id='word_1_338' title='bbox 586 3843 702 3917; x_wconf 76' lang='lat' dir='ltr'><strong><em>posita,</em></strong></span> <span class='ocrx_word' id='word_1_339' title='bbox 734 3843 834 3901; x_wconf 89' lang='lat' dir='ltr'><strong><em>adhuc</em></strong></span> <span class='ocrx_word' id='word_1_340' title='bbox 865 3845 1043 3917; x_wconf 86' lang='lat' dir='ltr'><strong><em>supersunt.</em></strong></span> <span class='ocrx_word' id='word_1_341' title='bbox 1068 3841 1123 3900; x_wconf 85' lang='lat' dir='ltr'><strong><em>Ed.</em></strong></span> <span class='ocrx_word' id='word_1_342' title='bbox 1148 3841 1291 3916; x_wconf 87' lang='lat' dir='ltr'><strong><em>princeps</em></strong></span> <span class='ocrx_word' id='word_1_343' title='bbox 1313 3839 1430 3916; x_wconf 84' lang='lat' dir='ltr'><strong><em>prodiit</em></strong></span> <span class='ocrx_word' id='word_1_344' title='bbox 1461 3840 1600 3902; x_wconf 89' lang='lat' dir='ltr'><strong><em>Viennae</em></strong></span> <span class='ocrx_word' id='word_1_345' title='bbox 1622 3839 1653 3896; x_wconf 88' lang='lat' dir='ltr'><strong><em>iu</em></strong></span> 
     </span>
    </p>
   </div>
   <div class='ocr_carea' id='block_1_3' title="bbox 438 4006 1655 4639">
    <p class='ocr_par' dir='ltr' id='par_1_4' title="bbox 438 4006 1655 4639">
     <span class='ocr_line' id='line_1_37' title="bbox 493 4006 1654 4066; baseline 0.001 -15"><span class='ocrx_word' id='word_1_346' title='bbox 493 4009 501 4051; x_wconf 85' lang='lat'><em>1</em></span> <span class='ocrx_word' id='word_1_347' title='bbox 517 4009 544 4051; x_wconf 88' lang='lat' dir='ltr'><strong><em>ln</em></strong></span> <span class='ocrx_word' id='word_1_348' title='bbox 569 4009 766 4056; x_wconf 86' lang='lat' dir='ltr'><strong><em>sacratioribus</em></strong></span> <span class='ocrx_word' id='word_1_349' title='bbox 780 4008 839 4054; x_wconf 83' lang='lat' dir='ltr'><strong><em>fidei</em></strong></span> <span class='ocrx_word' id='word_1_350' title='bbox 854 4008 989 4066; x_wconf 80' lang='lat' dir='ltr'><strong><em>capitibus</em></strong></span> <span class='ocrx_word' id='word_1_351' title='bbox 1003 4008 1179 4066; x_wconf 83' lang='lat' dir='ltr'><strong><em>proponendis</em></strong></span> <span class='ocrx_word' id='word_1_352' title='bbox 1197 4007 1318 4052; x_wconf 84' lang='lat' dir='ltr'><strong><em>christus</em></strong></span> <span class='ocrx_word' id='word_1_353' title='bbox 1332 4006 1387 4064; x_wconf 86' lang='lat' dir='ltr'><strong><em>ipse</em></strong></span> <span class='ocrx_word' id='word_1_354' title='bbox 1402 4009 1510 4054; x_wconf 89' lang='lat' dir='ltr'><strong><em>secutus</em></strong></span> <span class='ocrx_word' id='word_1_355' title='bbox 1524 4011 1564 4054; x_wconf 89' lang='lat' dir='ltr'><strong><em>est</em></strong></span> <span class='ocrx_word' id='word_1_356' title='bbox 1580 4011 1654 4065; x_wconf 81' lang='lat' dir='ltr'><strong><em>legu-</em></strong></span> 
     </span>
     <span class='ocr_line' id='line_1_38' title="bbox 438 4079 1655 4138; baseline 0 -14"><span class='ocrx_word' id='word_1_357' title='bbox 438 4079 524 4136; x_wconf 88' lang='lat' dir='ltr'><strong><em>tisque</em></strong></span> <span class='ocrx_word' id='word_1_358' title='bbox 538 4079 593 4125; x_wconf 84' lang='lat' dir='ltr'><strong><em>suis</em></strong></span> <span class='ocrx_word' id='word_1_359' title='bbox 607 4082 817 4138; x_wconf 85' lang='lat' dir='ltr'><strong><em>prosequendam</em></strong></span> <span class='ocrx_word' id='word_1_360' title='bbox 831 4079 989 4138; x_wconf 82' lang='lat' dir='ltr'><strong><em>praestituit</em></strong></span> <span class='ocrx_word' id='word_1_361' title='bbox 1005 4083 1110 4126; x_wconf 86' lang='lat' dir='ltr'><strong><em>cartam</em></strong></span> <span class='ocrx_word' id='word_1_362' title='bbox 1125 4079 1282 4124; x_wconf 82' lang='lat' dir='ltr'><strong><em>reticentiae</em></strong></span> <span class='ocrx_word' id='word_1_363' title='bbox 1293 4089 1325 4125; x_wconf 89' lang='grc'><strong><em>11</em></strong></span> <span class='ocrx_word' id='word_1_364' title='bbox 1337 4081 1531 4137; x_wconf 83' lang='lat' dir='ltr'><strong><em>progressionis</em></strong></span> <span class='ocrx_word' id='word_1_365' title='bbox 1545 4091 1655 4127; x_wconf 88' lang='lat' dir='ltr'><strong><em>oecono-</em></strong></span> 
     </span>
     <span class='ocr_line' id='line_1_39' title="bbox 438 4150 1652 4208; baseline -0.002 -12"><span class='ocrx_word' id='word_1_366' title='bbox 438 4150 532 4205; x_wconf 84' lang='lat' dir='ltr'><strong><em>miam,</em></strong></span> <span class='ocrx_word' id='word_1_367' title='bbox 548 4162 601 4208; x_wconf 84' lang='lat' dir='ltr'><strong><em>qua</em></strong></span> <span class='ocrx_word' id='word_1_368' title='bbox 625 4153 705 4198; x_wconf 88' lang='lat' dir='ltr'><strong><em>simul</em></strong></span> <span class='ocrx_word' id='word_1_369' title='bbox 728 4152 864 4198; x_wconf 86' lang='lat' dir='ltr'><strong><em>homiuum</em></strong></span> <span class='ocrx_word' id='word_1_370' title='bbox 887 4151 1051 4206; x_wconf 82' lang='lat' dir='ltr'><strong><em>infirmitati,</em></strong></span> <span class='ocrx_word' id='word_1_371' title='bbox 1076 4151 1194 4195; x_wconf 84' lang='lat' dir='ltr'><strong><em>fidelium</em></strong></span> <span class='ocrx_word' id='word_1_372' title='bbox 1219 4151 1329 4206; x_wconf 87' lang='lat' dir='ltr'><strong><em>tutelae,</em></strong></span> <span class='ocrx_word' id='word_1_373' title='bbox 1344 4151 1437 4198; x_wconf 91' lang='lat' dir='ltr'><strong><em>honori</em></strong></span> <span class='ocrx_word' id='word_1_374' title='bbox 1462 4153 1652 4206; x_wconf 82' lang='lat' dir='ltr'><strong><em>mysteriorum</em></strong></span> 
     </span>
     <span class='ocr_line' id='line_1_40' title="bbox 439 4221 1654 4280; baseline -0.001 -14"><span class='ocrx_word' id='word_1_375' title='bbox 439 4221 645 4280; x_wconf 87' lang='lat' dir='ltr'><strong><em>prospiceretur.</em></strong></span> <span class='ocrx_word' id='word_1_376' title='bbox 660 4224 722 4268; x_wconf 90' lang='lat' dir='ltr'><strong><em>Inde</em></strong></span> <span class='ocrx_word' id='word_1_377' title='bbox 736 4222 837 4268; x_wconf 85' lang='lat' dir='ltr'><strong><em>iactum</em></strong></span> <span class='ocrx_word' id='word_1_378' title='bbox 852 4223 900 4275; x_wconf 79' lang='lat' dir='ltr'><strong><em>est,</em></strong></span> <span class='ocrx_word' id='word_1_379' title='bbox 916 4225 945 4266; x_wconf 90' lang='lat' dir='ltr'><strong><em>ut</em></strong></span> <span class='ocrx_word' id='word_1_380' title='bbox 965 4233 1013 4279; x_wconf 90' lang='lat' dir='ltr'><strong><em>per</em></strong></span> <span class='ocrx_word' id='word_1_381' title='bbox 1029 4221 1134 4278; x_wconf 85' lang='lat' dir='ltr'><strong><em>aliquot</em></strong></span> <span class='ocrx_word' id='word_1_382' title='bbox 1148 4221 1313 4266; x_wconf 87' lang='lat' dir='ltr'><strong><em>continenter</em></strong></span> <span class='ocrx_word' id='word_1_383' title='bbox 1323 4225 1423 4278; x_wconf 86' lang='lat' dir='ltr'><strong><em>secula,</em></strong></span> <span class='ocrx_word' id='word_1_384' title='bbox 1435 4225 1551 4270; x_wconf 82' lang='lat' dir='ltr'><strong><em>externis</em></strong></span> <span class='ocrx_word' id='word_1_385' title='bbox 1566 4222 1654 4269; x_wconf 88' lang='lat' dir='ltr'><strong><em>horni-</em></strong></span> 
     </span>
     <span class='ocr_line' id='line_1_41' title="bbox 441 4291 1654 4352; baseline -0.001 -13"><span class='ocrx_word' id='word_1_386' title='bbox 441 4291 519 4339; x_wconf 85' lang='lat' dir='ltr'><strong><em>nibus</em></strong></span> <span class='ocrx_word' id='word_1_387' title='bbox 534 4295 567 4338; x_wconf 89' lang='lat' dir='ltr'><strong><em>ad</em></strong></span> <span class='ocrx_word' id='word_1_388' title='bbox 582 4293 749 4352; x_wconf 89' lang='lat' dir='ltr'><strong><em>suscipienda</em></strong></span> <span class='ocrx_word' id='word_1_389' title='bbox 760 4293 1013 4350; x_wconf 86' lang='lat' dir='ltr'><strong><em>mysterianondum</em></strong></span> <span class='ocrx_word' id='word_1_390' title='bbox 1029 4293 1211 4350; x_wconf 79' lang='lat' dir='ltr'><strong><em>praeparans,</em></strong></span> <span class='ocrx_word' id='word_1_391' title='bbox 1226 4305 1276 4339; x_wconf 92' lang='lat' dir='ltr'><strong><em>non</em></strong></span> <span class='ocrx_word' id='word_1_392' title='bbox 1292 4295 1369 4340; x_wconf 90' lang='lat' dir='ltr'><strong><em>modo</em></strong></span> <span class='ocrx_word' id='word_1_393' title='bbox 1379 4300 1550 4342; x_wconf 86' lang='lat' dir='ltr'><strong><em>sacramenta</em></strong></span> <span class='ocrx_word' id='word_1_394' title='bbox 1565 4294 1654 4341; x_wconf 86' lang='lat' dir='ltr'><strong><em>omnia</em></strong></span> 
     </span>
     <span class='ocr_line' id='line_1_42' title="bbox 439 4365 1652 4423; baseline -0.003 -9"><span class='ocrx_word' id='word_1_395' title='bbox 439 4366 600 4421; x_wconf 83' lang='lat' dir='ltr'><strong><em>christiana,</em></strong></span> <span class='ocrx_word' id='word_1_396' title='bbox 624 4368 667 4412; x_wconf 86' lang='lat' dir='ltr'><strong><em>sed</em></strong></span> <span class='ocrx_word' id='word_1_397' title='bbox 690 4367 817 4414; x_wconf 83' lang='lat' dir='ltr'><strong><em>nonnulla</em></strong></span> <span class='ocrx_word' id='word_1_398' title='bbox 841 4365 924 4411; x_wconf 86' lang='grc'><strong>1111111</strong></span> <span class='ocrx_word' id='word_1_399' title='bbox 949 4366 1077 4423; x_wconf 79' lang='lat' dir='ltr'><strong><em>dogmata</em></strong></span> <span class='ocrx_word' id='word_1_400' title='bbox 1093 4366 1237 4422; x_wconf 84' lang='lat' dir='ltr'><strong><em>prudenter</em></strong></span> <span class='ocrx_word' id='word_1_401' title='bbox 1252 4367 1416 4414; x_wconf 88' lang='lat' dir='ltr'><strong><em>calarentur.</em></strong></span> <span class='ocrx_word' id='word_1_402' title='bbox 1432 4369 1574 4414; x_wconf 77' lang='lat' dir='ltr'><strong><em>Excudent</em></strong></span> <span class='ocrx_word' id='word_1_403' title='bbox 1591 4377 1652 4412; x_wconf 84' lang='lat' dir='ltr'><strong><em>vero</em></strong></span> 
     </span>
     <span class='ocr_line' id='line_1_43' title="bbox 441 4437 1652 4496; baseline 0.001 -14"><span class='ocrx_word' id='word_1_404' title='bbox 441 4437 583 4495; x_wconf 80' lang='lat' dir='ltr'><strong><em>disciplina</em></strong></span> <span class='ocrx_word' id='word_1_405' title='bbox 600 4439 756 4496; x_wconf 88' lang='lat' dir='ltr'><strong><em>repetendus</em></strong></span> <span class='ocrx_word' id='word_1_406' title='bbox 772 4443 812 4482; x_wconf 89' lang='lat' dir='ltr'><strong><em>est</em></strong></span> <span class='ocrx_word' id='word_1_407' title='bbox 832 4438 1083 4483; x_wconf 86' lang='lat' dir='ltr'><strong><em>catechumenorum</em></strong></span> <span class='ocrx_word' id='word_1_408' title='bbox 1108 4439 1197 4482; x_wconf 85' lang='lat' dir='ltr'><strong><em>coetus</em></strong></span> <span class='ocrx_word' id='word_1_409' title='bbox 1216 4437 1243 4483; x_wconf 90' lang='lat' dir='ltr'><strong><em>in</em></strong></span> <span class='ocrx_word' id='word_1_410' title='bbox 1267 4439 1372 4486; x_wconf 87' lang='lat' dir='ltr'><strong><em>ordines</em></strong></span> <span class='ocrx_word' id='word_1_411' title='bbox 1394 4441 1574 4492; x_wconf 81' lang='lat' dir='ltr'><strong><em>audientiam,</em></strong></span> <span class='ocrx_word' id='word_1_412' title='bbox 1587 4450 1652 4494; x_wconf 79' lang='lat' dir='ltr'><strong><em>pro-</em></strong></span> 
     </span>
     <span class='ocr_line' id='line_1_44' title="bbox 440 4509 1648 4568; baseline 0 -15"><span class='ocrx_word' id='word_1_413' title='bbox 440 4513 603 4564; x_wconf 82' lang='lat' dir='ltr'><strong><em>stratorum,</em></strong></span> <span class='ocrx_word' id='word_1_414' title='bbox 619 4512 825 4566; x_wconf 79' lang='lat' dir='ltr'><strong><em>competentiam</em></strong></span> <span class='ocrx_word' id='word_1_415' title='bbox 841 4509 939 4554; x_wconf 86' lang='lat' dir='ltr'><strong><em>idcirco</em></strong></span> <span class='ocrx_word' id='word_1_416' title='bbox 956 4509 1085 4562; x_wconf 86' lang='lat' dir='ltr'><strong><em>tributus,</em></strong></span> <span class='ocrx_word' id='word_1_417' title='bbox 1101 4509 1130 4553; x_wconf 92' lang='lat' dir='ltr'><strong><em>ut</em></strong></span> <span class='ocrx_word' id='word_1_418' title='bbox 1145 4510 1325 4556; x_wconf 85' lang='lat' dir='ltr'><strong><em>catechumeni</em></strong></span> <span class='ocrx_word' id='word_1_419' title='bbox 1341 4522 1388 4568; x_wconf 88' lang='lat' dir='ltr'><strong><em>per</em></strong></span> <span class='ocrx_word' id='word_1_420' title='bbox 1409 4511 1510 4566; x_wconf 81' lang='lat' dir='ltr'><strong><em>gradus</em></strong></span> <span class='ocrx_word' id='word_1_421' title='bbox 1524 4509 1648 4556; x_wconf 89' lang='lat' dir='ltr'><strong><em>instructi</em></strong></span> 
     </span>
     <span class='ocr_line' id='line_1_45' title="bbox 441 4579 1261 4639; baseline 0 -13"><span class='ocrx_word' id='word_1_422' title='bbox 441 4584 523 4638; x_wconf 85' lang='lat' dir='ltr'><strong><em>atqua</em></strong></span> <span class='ocrx_word' id='word_1_423' title='bbox 537 4583 655 4639; x_wconf 83' lang='lat' dir='ltr'><strong><em>probati,</em></strong></span> <span class='ocrx_word' id='word_1_424' title='bbox 670 4580 858 4638; x_wconf 82' lang='lat' dir='ltr'><strong><em>mysteriorum</em></strong></span> <span class='ocrx_word' id='word_1_425' title='bbox 874 4580 983 4635; x_wconf 85' lang='lat' dir='ltr'><strong><em>denique</em></strong></span> <span class='ocrx_word' id='word_1_426' title='bbox 999 4580 1146 4637; x_wconf 85' lang='lat' dir='ltr'><strong><em>participes</em></strong></span> <span class='ocrx_word' id='word_1_427' title='bbox 1160 4579 1261 4626; x_wconf 84' lang='lat' dir='ltr'><strong><em>fiarent.</em></strong></span> 
     </span>
    </p>
   </div>
   <div class='ocr_carea' id='block_1_4' title="bbox 0 0 1757 5362">
    <p class='ocr_par' dir='ltr' id='par_1_5' title="bbox 0 0 1757 5362">
     <span class='ocr_line' id='line_1_46' title="bbox 0 0 1757 5362; baseline 0 0"><span class='ocrx_word' id='word_1_428' title='bbox 0 0 1757 5362; x_wconf 95' lang='lat' dir='ltr'><strong><em> </em></strong></span> 
     </span>
    </p>
   </div>
  </div>
 </body>
</html>
