3444 5358
887 273 927 291 -
950 242 1067 319 aas..

565 435 865 532 CONCILIA
897 436 1375 534 PARTICULARIA

415 831 605 905 Quamquam
619 827 761 888 concilia
776 827 990 888 Particularia
1005 827 1196 887 numeranda
1210 829 1282 904 post
1298 827 1465 889 Generalia
1481 827 1585 888 veluti

359 945 415 986 suo
437 927 507 985 loco
531 925 681 998 fuissent,
704 925 908 985 nihilominus
935 925 1081 1001 quoniam
1112 925 1307 1002 propositum
1335 925 1413 984 mihi
1445 943 1507 984 non
1537 927 1588 984 est

291 1100 294 1105 ,
359 1025 486 1102 singula
509 1040 703 1100 percensere,
726 1023 779 1082 sed
800 1041 836 1082 ea
860 1025 984 1082 tantum
1010 1041 1088 1108 quae
1117 1023 1271 1100 potiorem
1301 1022 1334 1081 in
1365 1021 1587 1082 ecclesiastica

358 1121 495 1180 historia
509 1121 611 1180 locum
626 1121 742 1181 habent
763 1123 892 1198 propter
912 1120 1105 1196 gravitatem
1120 1137 1226 1180 eorum
1248 1138 1326 1196 quae
1342 1119 1374 1178 in
1389 1119 1438 1180 his
1463 1123 1587 1179 statuta

357 1210 503 1290 fuerunt,
519 1218 638 1278 idcirco
653 1219 833 1296 appendicis
848 1218 916 1278 loco
931 1217 1101 1294 praecipua
1115 1234 1286 1276 memorare
1302 1217 1372 1276 heic
1386 1217 1583 1278 existimavi.

360 1318 397 1377 In
420 1317 471 1376 his
494 1316 692 1376 recensendis
720 1315 962 1393 chronologicus
989 1315 1065 1374 ordo
1094 1315 1288 1386 servabitur,
1311 1333 1406 1382 causa
1433 1315 1586 1390 cuiusque
1633 1309 1638 1326 '

361 1414 566 1486 indicabitur,
588 1414 729 1476 concilia
752 1431 827 1472 vero
848 1431 926 1489 quae
949 1413 1115 1490 reprobata
1136 1411 1225 1474 suere
1247 1412 1401 1472 distincto
1423 1415 1586 1472 caractere

360 1513 565 1574 notabuntur.

858 1747 1040 1811 saecuto
1060 1751 1086 1810 Ι.

360 1995 581 2084 Apostolioum
602 2006 639 2064 de
659 2005 774 2064 edendo
795 2003 953 2080 symbolo;
976 2003 1056 2061 Loco
1078 2009 1108 2061 et
1127 2019 1210 2062 anno
1231 2003 1358 2061 incerto.

360 2103 684 2180 Hierosolymitanum
715 2102 856 2162 decernit
879 2101 1084 2161 cessationem
1114 2100 1277 2177 legalium,
1300 2098 1365 2158 edit
1387 2099 1528 2160 Oenones
1550 2099 1586 2158 de

422 2201 587 2278 sanguine,
609 2201 774 2272 suffocato,
796 2202 829 2260 et
850 2199 1076 2272 fornicatione3
1100 2215 1183 2258 anno
1204 2198 1333 2257 incerto.

853 2516 1035 2579 SAEOULO
1057 2518 1097 2577 Il.

362 2783 636 2862 Hierapolitanum
659 2785 785 2845 damnat
806 2785 1002 2844 Montanum.
1086 2847 1088 2854 Α

362 2885 539 2950 Romanum
561 2884 597 2942 de
619 2883 805 2944 celebrando
827 2883 993 2944 Paschate.
1095 2921 1096 2925 =

364 2966 556 3057 Ephesinnnt
577 2979 615 3039 de
634 2980 749 3040 eodem.

363 3079 593 3152 Palaestinam,
616 3079 815 3138 consentiens
835 3081 985 3140 Romano.

363 3177 550 3250 Romanum,
573 3181 684 3236 contra
705 3177 1013 3242 Quartodecimanos.

364 3272 569 3334 Gaesareense
590 3275 623 3332 in
644 3274 839 3344 Palaestina,
861 3277 973 3334 eontra
997 3275 1130 3334 eosdem.
1190 3289 1192 3292 ·

364 3371 586 3448 Lugdunensc,
608 3390 664 3448 pro
685 3390 761 3448 pace
782 3371 957 3432 retinenda.

844 3689 1028 3750 SAEOULO
1049 3690 1110 3750 111.

305 3976 306 3980 ¹
362 3956 612 4032 'Carthaainense
632 3958 657 4016 Ι.
679 3958 732 4016 snt
753 3957 930 4034 Aarippino
948 3973 1008 4033 pro
1029 3957 1190 4018 haereticis
1209 3957 1453 4034 rebaptizandis.
1489 3955 1492 3961 ’
1514 3960 1583 4022 215.

362 4054 614 4132 ‘Carthaginense
624 4056 664 4114 ll.
676 4057 733 4114 sub
743 4055 932 4131 Agrippino,
946 4055 1011 4114 edit
1025 4054 1100 4114 Can.
1114 4073 1150 4112 ne
1160 4055 1301 4114 Clericus
1318 4057 1362 4116 sit
1373 4060 1473 4116 tutor.
1517 4059 1586 4119 217.

365 4151 614 4214 Alexandrinum
635 4153 673 4211 ob
695 4151 840 4229 Origenis
863 4151 1104 4212 mutilationem.
1517 4154 1586 4214 231.
1699 4159 1700 4202 i

363 4252 517 4312 leonianae
537 4257 566 4309 et
584 4248 786 4327 Synnadense
801 4267 862 4326 pro
882 4249 1115 4325 rebaptizandis
1134 4249 1304 4310 haereticis.
1518 4253 1586 4314 235.

366 4351 554 4420 Romanum,
577 4347 609 4406 in
631 4365 726 4407 causa
745 4347 903 4425 Origenis.
1278 4378 1280 4381 ·
1517 4350 1587 4410 237.

367 4445 621 4506 Lambesitanum
641 4447 769 4505 damnat
789 4445 954 4506 Privatum
976 4444 1181 4505 haereticum.
1324 4459 1326 4464 '
1517 4447 1587 4509 240.
1649 4440 1651 4446 ’
1699 4499 1700 4516 .
