3444 5358
664 301 705 320 -
726 269 784 332 137
803 303 844 320 -

128 359 286 420 Adamum
311 367 343 424 et
372 366 472 426 Evam
500 369 657 446 decepisse
688 370 875 440 docuerunt,
898 373 1075 448 serpentem
1100 373 1230 449 proinde
1261 343 1383 436 adora-⁵

129 456 207 518 bant
241 463 277 522 et
311 461 344 522 in
369 481 520 536 mensam,
542 466 727 528 incantante
753 467 935 540 Sacerdote,
958 488 975 528 e
1001 463 1151 546 spelunca
1181 472 1369 534 advocatum
1439 531 1440 534 ,

127 575 164 614 ac
187 575 292 633 panes
313 560 560 624 circumeuntem
582 565 859 637 deosculabantur,
881 570 914 626 et
929 584 1023 644 panes
1046 567 1092 627 ita
1112 587 1131 628 a
1151 567 1279 630 Christo
1305 588 1371 632 ser·

126 659 222 811 Ξθιέιθ
258 658 478 722 sanctificatos
510 662 543 722 iu
564 662 810 724 *Eucharistiam
843 663 1087 742 confringebant
1110 667 1283 744 populoque
1305 672 1370 732 tra-

146 771 164 811 e
192 757 266 813 ant.

135 927 139 937 Ι
187 853 368 917 Monoruus
388 857 502 919 Annas.
524 858 703 920 absurdam
724 859 909 938 allegoriam
930 859 1059 920 affinxit
1080 863 1299 939 cosmogoniae
1320 867 1369 924 at-

127 967 187 1024 que
211 950 374 1044 historiae
396 957 562 1016 mosaicae.
585 958 781 1019 creationem
803 957 911 1018 docuit
931 975 1000 1018 esse
1015 977 1129 1020 novam
1144 961 1368 1027 elementorum

126 1046 388 1125 dispositionem.
496 1063 498 1068 '
1052 1055 1053 1058 ’
1105 1111 1107 1118 ,

187 1147 706 1234 Tar1sunssrliacaarrraa(a.
733 1151 814 1232 172).
840 1155 979 1213 Aeonum
1005 1158 1145 1231 systema
1172 1160 1367 1218 commentus

125 1247 177 1303 cst
198 1245 431 1308 Valentiniano
452 1250 534 1311 baud
555 1251 709 1312 absimile:
734 1269 804 1311 cum
827 1250 1001 1312 Saturnino
1017 1253 1145 1328 nuptias
1161 1253 1364 1331 proscripsit,

128 1343 212 1402 unde
236 1349 415 1406 sectatores
430 1347 498 1407 eius
513 1350 700 1410 Encratitaa
715 1367 770 1410 seu
787 1349 986 1409 continentes
1001 1350 1155 1426 appellati
1169 1355 1254 1412 sunt.
1268 1351 1366 1413 Usum

127 1439 323 1501 animalium
345 1443 473 1520 vinique
492 1446 675 1522 prohibens,
700 1447 768 1507 sola
789 1465 870 1524 aqua
891 1447 924 1508 in
945 1447 1063 1508 divinis
1093 1449 1257 1526 mysteriis
1279 1455 1369 1510 uten-

128 1537 204 1596 dum
227 1542 453 1615 contendebat,
475 1561 567 1619 quam
589 1544 627 1602 ob
650 1561 777 1604 causam
798 1545 866 1606 eius
888 1546 1027 1605 asseclae
1047 1545 1144 1604 etiam
1158 1545 1258 1624 hydro
1273 1579 1291 1592 -
1312 1565 1368 1623 pa·

126 1639 365 1700 rastataedicti
378 1645 461 1700 sunt:
475 1643 600 1702 tandem
616 1642 785 1704 veritatem
796 1643 901 1704 carnis
916 1642 1049 1715 Christi,
1060 1643 1214 1719 primique
1230 1644 1366 1706 hominis

129 1735 276 1796 salutem
294 1737 454 1800 inficiatus
476 1744 538 1800 est.

116 1898 118 1901 .
189 1837 636 1902 Pronauarraa-Saounnmm
667 1838 708 1920 (a.
741 1837 821 1918 160).
853 1839 1060 1900 Ptolemaitae
1092 1843 1216 1915 praeter
1246 1841 1392 1900 Aeones·
1431 1853 1448 1873 ‘

128 1950 186 2009 per
208 1952 292 2009 quos
314 1935 539 2013 intelliguntur
562 1938 612 1996 vel
634 1938 773 2010 saecula,
797 1937 848 1997 vel
869 1937 988 1996 mediae
1016 1936 1089 1996 illae
1111 1938 1209 1996 Deum
1230 1937 1314 1998 inter
1334 1943 1367 1998 et

129 2037 316 2092 creaturam
337 2034 533 2095 substantiae
555 2037 735 2096 necessario
756 2055 775 2096 a
794 2037 857 2096 Deo
880 2040 1053 2107 emanatae,
1076 2037 1216 2111 quasque
1246 2035 1366 2097 finxere

130 2130 307 2203 Basilides,
336 2131 523 2193 Valentinus
556 2139 589 2193 et
618 2133 688 2206 alii,
711 2134 863 2195 docebant
883 2133 981 2193 Deum
1011 2132 1191 2210 praecipere
1222 2129 1383 2212 impossi?

130 2226 221 2288 bilia.
248 2231 437 2290 Secundiani
456 2233 494 2291 ad
516 2231 641 2292 tabulas
664 2233 924 2292 Ptolemaitarum
940 2249 1135 2308 uxorumque
1157 2234 1367 2294 communita·
1475 2314 1477 2318 Ι

130 2328 196 2386 tem
220 2347 241 2388 a
255 2329 426 2393 Nicolaitis
438 2330 595 2404 haustam,
608 2348 707 2390 novas
720 2332 935 2392 adiunxerunt
950 2331 1166 2408 impudicitiae
1182 2331 1363 2392 foeditates.

194 2433 358 2492 Paoorcos
377 2448 418 2491 ar
438 2430 606 2492 Ananrrns
625 2429 668 2510 (a.
694 2428 774 2510 160).
808 2431 961 2492 Prodicus
982 2450 998 2489 e
1020 2431 1235 2508 gnosticorum
1256 2431 1366 2490 schola
1450 2493 1451 2496 ,

131 2528 356 2588 Ademitarum
372 2532 488 2603 sectam
504 2528 657 2590 instituit.
674 2529 858 2588 Docuerunt
871 2525 1033 2588 Adamitae
1049 2529 1221 2588 nuditatem
1233 2528 1318 2588 Adae
1333 2531 1365 2590 in

134 2629 223 2688 statu
239 2626 437 2686 innocentiae
452 2625 638 2686 imitandam
652 2644 733 2699 esse;
748 2632 897 2688 errarunt
917 2627 1012 2686 ctiam
1026 2626 1113 2686 circa
1127 2627 1280 2686 unitatem
1295 2626 1363 2687 Dei.

174 2727 398 2786 barlaamum
417 2724 459 2805 (a.
482 2721 562 2803 170).
586 2724 634 2783 Ex
656 2725 875 2802 gnosticorum
895 2725 1032 2786 colluvie
1055 2725 1253 2802 prodierunt,
1276 2727 1365 2786 doce-

134 2823 274 2900 bantque
296 2827 461 2900 peccatum
482 2841 544 2882 non
565 2841 634 2882 csse
655 2823 826 2899 supplicio,
850 2824 903 2882 sed
924 2823 1063 2899 praemio
1088 2823 1228 2900 dignum.

203 2917 557 2986 cesima-ommam
585 2919 637 2999 (a.
672 2917 768 2999 170).
800 2920 954 2984 Dicebant
984 2920 1115 2980 Geinum
1146 2938 1164 2979 a
1192 2921 1365 2997 potentiori

133 3021 270 3094 quadam
291 3018 413 3078 virtute
433 3035 502 3076 esse
519 3017 715 3088 derivatum,
731 3037 788 3076 nec
811 3036 872 3076 non
894 3019 982 3091 (iore,
997 3018 1135 3088 Datban,
1151 3018 1286 3090 Abiron,
1310 3019 1364 3078 So·

133 3115 269 3176 domitas
291 3135 327 3175 ac
349 3117 457 3176 Iudam
478 3115 675 3187 iscariotem,
698 3119 891 3192 quapropter
912 3115 1024 3192 impios
1058 3114 1131 3174 illos
1154 3134 1190 3174 ac
1214 3116 1362 3192 reprobos

133 3213 245 3273 divino
266 3231 388 3290 quoque
409 3213 526 3272 bonore
542 3213 698 3272 colebant.
714 3213 911 3274 Gainltarum
930 3213 1053 3273 haeresi
1068 3231 1189 3289 quoque
1206 3213 1363 3273 addictam

133 3309 236 3371 fuisse
272 3311 438 3387 quamdam
477 3310 680 3382 Quintillam,
712 3329 790 3386 quae
825 3311 1023 3388 Baptismum
1062 3311 1216 3384 sustulit,
1249 3312 1362 3371 testari

135 3408 266 3470 videtur
285 3409 515 3480 Tertullianus,
538 3409 592 3484 qui
613 3409 743 3485 speciali
766 3413 907 3469 tractatu
929 3409 1017 3468 illam
1039 3408 1207 3469 refutavit.

195 3509 375 3570 Monrauus
387 3539 401 3552 -
414 3508 582 3568 Personas
596 3541 608 3552 ·
624 3507 811 3568 Maximino
825 3525 865 3570 ar
880 3509 1104 3568 Oararuarcas
1117 3507 1159 3587 (a.
1175 3504 1258 3586 172).
1274 3509 1364 3568 Mon-

134 3601 392 3666 tanus'iactabat
421 3605 631 3682 prophetiam,
662 3623 724 3664 non
745 3606 870 3680 quidem
892 3623 1009 3664 meram
1031 3604 1214 3664 futurorum
1238 3606 1362 3680 praedi·

135 3705 273 3764 ctionem
295 3721 351 3780 pro
373 3703 479 3780 graeci
501 3701 647 3762 vocabuli
679 3702 927 3779 significatione,
950 3704 1003 3760 sed
1024 3702 1117 3760 iuxta
1147 3700 1288 3760 hebraici
1309 3720 1364 3760 no·

134 3802 229 3860 minis
252 3802 316 3860 vim
338 3805 433 3876 atque
456 3818 546 3860 usum
568 3800 704 3858 caeleste
728 3801 902 3872 charisma,
925 3817 986 3875 quo
1007 3801 1045 3859 ad
1061 3799 1237 3860 Ecclesiam
1253 3801 1364 3860 docen-

136 3899 205 3959 dam
227 3899 510 3976 perficiendamque
531 3913 564 3956 se
585 3901 712 3956 auctum
735 3896 868 3958 ferebat.
891 3898 1014 3958 Nactus
1036 3898 1075 3956 ad
1097 3915 1165 3956 eam
1182 3915 1247 3958 rem
1269 3899 1359 3971 duas,

135 4014 213 4071 quas
234 4015 253 4055 a
273 3997 387 4057 marito
416 3997 558 4070 abduxit,
587 3995 748 4068 mulieres,
778 3995 961 4056 Priscillam
987 4000 1022 4054 et
1052 3995 1276 4068 Maximillam,
1306 4014 1361 4056 eas

136 4095 255 4170 pariter
276 4075 414 4172 maligno
437 4094 553 4172 spiritu
584 4093 705 4152 afflatas
736 4081 925 4170 prophetare
946 4093 1065 4152 docuit.
1089 4093 1206 4154 Eorum
1234 4111 1359 4154 errores

135 4193 297 4269 praecipui
320 4197 404 4251 sunt:
429 4193 580 4252 Montano
600 4196 632 4251 et
647 4191 814 4252 Priscillae
835 4210 896 4251 non
912 4191 1074 4269 Apostolis
1096 4207 1278 4250 concessam
1300 4191 1361 4266 ple·

136 4289 311 4348 citudinem
333 4289 472 4366 Spiritus
495 4289 612 4351 Sancti:
638 4308 698 4348 non
720 4307 788 4348 esse
811 4289 1033 4366 baptizandum
1052 4289 1085 4347 in
1107 4288 1230 4360 nomine
1253 4289 1360 4348 Ssmae

135 4386 315 4447 Trinitatis:
340 4407 376 4446 ac
398 4387 548 4448 foeminas
569 4388 669 4448 sacris
695 4387 818 4448 initiari
839 4406 931 4465 posse
952 4387 1126 4446 ordinibus.
1144 4386 1359 4446 Montanistae

136 4485 347 4562 cataphryges
368 4486 447 4546 dicti
466 4490 541 4546 sunt
561 4506 580 4546 a
600 4487 756 4566 Phrygia,
779 4487 811 4546 in
833 4505 894 4562 qua
914 4486 1095 4562 frequentes
1117 4491 1219 4547 erant.
