3466 5362
642 389 683 407 .-.
700 360 740 424 35
763 395 797 407 ..

117 461 234 534 pelium
257 461 383 520 Ioannis
401 491 415 506 -
434 463 663 537 Erapmentnm
683 461 717 520 in
736 469 807 524 acta
825 463 1041 540 Apostolorum
1061 497 1075 510 -
1095 465 1328 529 Commentario
1362 552 1363 556 Ἰ

109 559 143 616 in
166 560 255 636 Epis.
277 561 310 620 S.
334 561 431 620 Pauli
449 560 492 620 ad
521 561 687 633 Romanos,
720 561 768 620 lib.
794 561 848 620 12.
870 595 884 607 -
903 563 1099 638 Frapmenta
1118 563 1328 644 inEpistolas

107 656 152 713 ael
175 657 317 730 Galatas,
339 659 382 719 acl
401 661 558 736 Ephesios,
581 657 624 718 (sol
646 659 838 732 Colossenscs,
861 659 894 718 in
919 661 949 719 1.
974 659 1016 720 ud
1042 659 1325 739 Thessalonicenses,

103 755 148 814 aol
170 755 286 829 Titum,
308 757 350 817 acl
371 758 593 827 Philemonem,
617 757 659 817 ool
679 759 832 818 Hebraeos
860 789 873 803 -
907 757 1105 834 Erapmentu
1130 777 1168 819 en
1192 761 1325 821 homiliis
1445 797 1447 804 <

102 856 139 913 in
161 855 263 938 Epist.
296 855 338 915 aul
368 857 530 918 Hebraeos.
554 857 764 934 -Supersunt
792 856 922 932 denique
950 855 1130 935 fragmenta
1159 858 1225 919 ulia
1254 877 1331 918 non-

104 953 195 1013 nulla
217 955 391 1032 exegetica
415 958 447 1015 et
468 955 652 1026 Philomelio,
672 955 726 1030 qui
748 954 829 1014 liber
844 955 996 1014 delectum
1011 955 1152 1017 continet
1172 958 1329 1033 quaestio-

108 1069 182 1110 num
204 1055 236 1111 et
259 1052 462 1126 solutionum',
486 1071 564 1129 quae
585 1053 746 1132 pertinent
772 1055 810 1113 ad
840 1053 871 1114 S.
895 1055 1093 1132 Scripturam
1114 1057 1206 1115 etex
1228 1057 1328 1117 variis

104 1151 198 1210 libris
220 1152 367 1229 Origenis
389 1151 551 1212 coniectus
573 1156 631 1213 est.
653 1153 715 1211 -In
729 1151 788 1211 hac
804 1151 1000 1226 collectione,
1018 1136 1095 1228 quae
1117 1153 1242 1231 proprie
1265 1171 1327 1214 non

108 1253 158 1308 est
179 1233 255 1326 opus
278 1250 436 1328 Origenis,
453 1251 552 1310 multa
572 1249 663 1310 nobis
689 1253 854 1310 asservata
868 1249 969 1323 fuere,
991 1269 1068 1328 quae
1089 1249 1168 1311 alias
1190 1250 1329 1313 fuissent

112 1348 281 1425 deperdita.
307 1381 323 1394 ·
347 1347 457 1426 Stylus
489 1349 674 1426 perspicuus
705 1351 807 1408 estet
839 1347 959 1422 facilis,
990 1348 1043 1408 sed
1073 1347 1204 1410 diffusus
1234 1349 1327 1409 nimis

108 1449 141 1505 et
158 1446 344 1506 redundans.
361 1446 509 1512 Quamvis
525 1464 600 1506 vero
622 1445 788 1523 spectabili
802 1447 993 1522 antiquitate
1014 1449 1046 1507 et
1067 1447 1242 1507 eruditione
1263 1447 1329 1508 exi·

107 1543 171 1603 mia
191 1533 426 1605 commendetur
439 1545 601 1622 Origenes,
618 1547 722 1604 tamen
744 1547 835 1604 caute
856 1547 1004 1623 legendus
1020 1547 1081 1618 est,
1104 1563 1175 1604 cum
1195 1540 1228 1604 in
1249 1563 1330 1604 non-

106 1641 204 1700 nullis
226 1642 277 1701 vel
299 1642 365 1719 ipse
379 1643 431 1702 vel
449 1643 549 1720 ipsius
564 1659 691 1719 operum
707 1647 907 1720 corruptores
923 1661 942 1702 a
956 1643 1028 1702 fidei
1043 1643 1180 1702 veritate
1201 1643 1329 1704 aberra-

107 1740 226 1799 verint.
241 1741 513 1820 Operacjusedita
528 1745 603 1800 sunt
617 1759 635 1800 a
649 1740 711 1800 PP.
726 1741 886 1802 Benedict.
898 1741 1000 1801 Paris.
1017 1740 1093 1800 1733
1109 1742 1138 1800 4.
1151 1742 1215 1802 vol.
1228 1743 1260 1801 in
1271 1741 1325 1801 iol.

165 1839 197 1897 S.
221 1839 390 1899 Dioursms
410 1839 626 1901 Aunxnunnm.
649 1837 697 1919 (i.
722 1857 749 1898 a.
771 1837 861 1918 247).
886 1839 934 1897 Ex
953 1839 1020 1898 eius
1043 1839 1139 1912 libris¹
1165 1840 1221 1900 vix
1244 1856 1326 1898 unus

109 1935 232 2013 integer
253 1940 365 2009 restat3
389 1937 545 1996 habentur
565 1937 648 2014 enim
668 1966 680 1981 -
700 1937 892 2013 Fragmenta
913 1955 951 1994 ex
973 1936 1078 1996 Libris
1101 1936 1138 1996 de
1157 1935 1328 1996 naturaei

109 2033 302 2093 Timotheum
311 2067 324 2080 ·
338 2034 535 2110 Frapmento
548 2035 715 2093 Librorum
728 2035 761 2093 2.
779 2033 816 2093 ele
829 2035 1086 2093 Promissionibus
1098 2067 1112 2080 -
1131 2036 1327 2110 Frapmenta

106 2151 145 2192 eu
165 2133 267 2191 Libris
286 2139 422 2210 quatuor
451 2132 596 2193 aduersus
624 2133 792 2192 Sabellium
811 2165 825 2177 -
843 2133 1039 2209 Fragmenta
1059 2151 1098 2194 eu
1118 2132 1152 2193 4.
1183 2133 1267 2193 libris
1287 2131 1329 2193 ael

109 2231 288 2308 Dionysium
317 2233 496 2291 Romanum
530 2231 713 2310 Pontificem
732 2263 745 2276 ·
765 2231 924 2308 Epistulae
952 2233 1117 2293 canonicae
1137 2239 1166 2293 et
1187 2233 1330 2311 epistolae

110 2330 232 2403 festulus
251 2347 328 2405 quae
349 2332 402 2390 vel
424 2330 567 2406 integrae
598 2329 649 2388 vel
669 2347 708 2388 ex
738 2333 827 2406 parte
852 2330 941 2390 nobis
963 2331 1001 2390 ab
1023 2330 1158 2408 Eusebio
1185 2331 1330 2391 servatae

110 2421 186 2486 sunt
206 2461 220 2470 -
238 2428 434 2503 Frapmenta
455 2427 610 2503 enepetica
630 2429 663 2485 in
684 2428 718 2488 S.
739 2428 938 2505 Scripturam
950 2461 965 2476 -
978 2428 1097 2489 Dubiae
1123 2429 1330 2490 auctoritatis

106 2530 157 2586 est
178 2527 306 2604 epistola
325 2526 470 2587 adversius
492 2527 628 2586 Paulum
648 2526 895 2587 Samosatenum.

167 2628 199 2687 S.
223 2627 399 2688 crunnum
419 2627 455 2685 E.
479 2626 522 2685 Μ.
545 2624 582 2706 (i.
605 2645 633 2685 a.
656 2624 738 2705 248).
754 2625 912 2702 Epistulae
933 2627 972 2688 83
987 2625 1020 2685 in
1035 2625 1226 2686 editionibus
1246 2625 1331 2704 opti-

109 2725 169 2784 mis
192 2725 223 2784 S.
246 2725 405 2802 Cypriano
435 2724 669 2798 adscribuntur:
703 2725 854 2801 opuscula
873 2742 949 2784 vero
970 2725 1057 2784 illius
1085 2727 1160 2785 sunt
1181 2725 1273 2784 Liber
1293 2723 1332 2785 de

109 2823 268 2893 idolorum
288 2824 429 2882 uanitate
440 2855 454 2868 ·
468 2823 559 2881 Liber
580 2821 622 2882 od
641 2823 875 2882 Demetrianum
889 2853 903 2867 ·
916 2823 1008 2882 Liber
1028 2821 1065 2882 de
1085 2824 1195 2911 Lapsis
1213 2823 1333 2882 -Liber

109 2922 146 2981 de
164 2923 288 2981 unitate
318 2921 471 2980 Ecclesiae
489 2953 504 2965 -
522 2919 575 2980 Aul
598 2921 776 2992 Quirinum,
800 2921 1044 2981 testimoniorum
1074 2917 1183 2982 contra
1202 2921 1331 2982 ludaeos

107 3022 174 3080 Lib.
197 3023 231 3080 3.
252 3021 378 3080 -Liber
398 3019 435 3079 de
454 3019 646 3105 mortalitate
665 3053 679 3064 -
702 3019 843 3096 Epistola
864 3019 908 3077 ad
927 3021 1141 3079 Fortunatam
1162 3019 1199 3080 de
1219 3021 1331 3080 enhur·

109 3121 225 3178 tatione
254 3118 436 3197 martyrii·
458 3118 549 3176 liber
582 3116 620 3176 de
649 3119 788 3178 oratione
808 3119 968 3178 Dominica
987 3149 1001 3165 -
1020 3119 1112 3178 Liber
1136 3118 1175 3177 de
1194 3135 1283 3195 opere
1304 3124 1333 3178 et

112 3217 302 3294 eleemosynis
320 3248 333 3262 -
355 3217 448 3276 Liber
469 3216 506 3276 ole
521 3217 678 3293 patientia
697 3248 711 3261 -
730 3216 823 3276 Liber
843 3215 880 3276 de
900 3217 963 3276 zelo
985 3223 1014 3277 et
1034 3217 1129 3275 liuore
1147 3247 1162 3262 ·
1182 3216 1275 3276 Liber
1296 3215 1333 3275 cle

111 3314 222 3374 habitu
245 3314 409 3390 Virpinum
429 3347 443 3359 -
462 3317 558 3375 Hisce
580 3315 724 3392 genuinis
746 3315 891 3392 operibus
907 3315 970 3374 alia
994 3315 1182 3393 iunguntur,
1205 3316 1242 3384 de
1263 3315 1333 3391 qui-

114 3414 173 3473 bus
195 3413 279 3473 inter
299 3415 447 3474 Eruditos
469 3432 530 3473 non
557 3414 717 3490 convenit,
731 3419 848 3474 ,uerum
871 3415 901 3474 S.
933 3413 1084 3491 Cypriani
1106 3413 1182 3486 sint,
1205 3413 1333 3474 seilicet

106 3545 122 3558 -
142 3513 286 3590 Epistola
306 3513 343 3574 ule
363 3513 527 3589 disciplina
546 3519 576 3596 et
596 3513 671 3572 bono
689 3511 873 3589 pudicitiae,
896 3520 926 3574 et
944 3513 1134 3572 Euhortatio
1155 3511 1198 3573 ad
1220 3513 1332 3571 Poeni-

109 3613 251 3672 tentium.
275 3612 464 3688 Cyprianus,
487 3616 619 3688 excepta
638 3611 706 3671 eius
729 3612 886 3672 sententia
911 3613 948 3671 de
969 3611 1130 3688 Baptismo
1160 3614 1253 3670 extra
1274 3611 1335 3669 Eo-

111 3711 241 3770 clesiam
262 3711 391 3782 collato,
415 3693 545 3785 prorsds
565 3709 712 3769 immunis
729 3713 778 3770 est
799 3711 837 3770 ab
851 3695 993 3770 omnibus
1015 3709 1189 3782 erroribus,
1211 3712 1244 3768 et
1265 3709 1329 3768 aS.

111 3807 291 3886 Augustino
306 3809 339 3868 in
363 3825 481 3867 summo
502 3808 603 3884 pretio
623 3809 762 3869 habitus.
785 3809 965 3886 Operaeius
980 3808 1144 3885 poetelius
1166 3806 1332 3868 ediderunt

110 3906 261 3968 Balunius
282 3913 315 3967 et
336 3908 487 3969 Maranus
509 3908 611 3968 Paris.
630 3907 708 3970 1726
728 3912 760 3968 et
779 3911 889 3972 Venet.
914 3906 1044 3968 1758111
1065 3907 1119 3966 iol.

170 4007 202 4066 S.
226 4009 408 4069 Gansomus
428 4009 688 4068 Taunusrunuus
708 4007 764 4066 Er.
780 4008 877 4069 Nece.
901 4006 938 4088 (f.
956 4027 983 4068 a.
999 4004 1083 4085 250).
1099 4009 1232 4068 Praeter
1246 4005 1332 4083 frag

107 4108 213 4165 menta
232 4105 440 4182 perditorum,
462 4108 592 4164 exstant
612 4105 650 4165 ab
671 4125 707 4164 eo
728 4105 848 4183 scripta
867 4107 1043 4185 Paneppris
1055 4105 1273 4166 Eucharistica
1298 4106 1332 4162 in

111 4205 273 4286 Oripinem
292 4236 307 4251 -
325 4205 533 4282 Metuphrasis
552 4205 586 4262 in
607 4205 808 4264 Ecclesiasten
827 4237 842 4251 -
860 4205 1024 4283 Eapositio
1041 4201 1115 4282 fidei
1134 4205 1167 4264 in
1189 4205 1243 4264 88,
1260 4203 1335 4262 Tri-

110 4302 245 4362 nitatem
265 4335 278 4346 ·
299 4297 442 4380 Epistola
472 4303 620 4362 canonica
651 4305 687 4362 de
715 4304 908 4380 poenitentia
935 4304 1096 4363 subeunda
1122 4304 1161 4361 ab
1186 4303 1226 4361 iis
1248 4301 1332 4360 chri·

110 4399 239 4472 stianis,
261 4400 316 4476 qui
338 4401 501 4460 occasione
523 4400 698 4460 invasionis
719 4402 892 4463 Gothorum
913 4403 1040 4480 rapinas
1061 4401 1175 4460 atalia
1197 4399 1332 4460 crimina

110 4498 345 4559 commiserant.
362 4499 569 4576 comparatur
590 4499 792 4572 uentribus,
814 4500 982 4578 Prophetis
1004 4496 1036 4558 ’et
1050 4497 1222 4576 Apostolis.
1295 4527 1300 4542 ·

170 4598 202 4658 S.
226 4598 409 4660 Ausromus
429 4597 526 4659 Anax.
548 4597 587 4678 (i.
610 4615 638 4658 a.
661 4595 745 4677 270).
766 4599 916 4677 Superest
929 4598 1023 4658 huius
1037 4599 1068 4658 S.
1091 4597 1199 4658 Patris
1223 4595 1332 4658 Canon
