3404 5360
103 411 302 490 piscopntam
321 408 577 490 Neapolitanum,
600 407 662 468 sibi
675 425 695 468 a
708 406 864 468 Clemente
885 407 940 470 IV.
964 407 1116 482 oblatum,
1141 410 1325 470 constanter

104 508 279 570 recusavit.
302 508 350 569 Ad
370 508 514 588 generale
538 505 711 569 Concilium
732 505 939 584 Lugdunense
961 505 991 568 II
1013 525 1032 566 a
1051 505 1203 584 Gregorio
1223 506 1253 566 X
1271 524 1327 568 vo·

103 609 204 677 cetus,
220 605 256 666 in
272 606 386 666 itinere
399 606 507 666 morbo
521 608 698 684 correptus,
720 603 834 664 notetis
856 622 937 664 enno
955 603 1007 667 50.
1020 603 1054 664 in
1067 603 1261 665 Monesterio
1275 603 1325 666 ci-

102 704 272 766 sterciensi
295 703 460 767 coelestem
474 704 507 764 in
528 703 664 782 petriam
678 701 841 780 migravit.
858 701 918 765 Vir
932 701 1116 775 sanctitate,
1134 701 1324 774 eruditione,

102 802 222 880 ingenii
253 803 434 862 subtilitate
465 801 557 880 plene
589 799 855 879 Incomperebilis,
888 819 924 862 ec
954 799 1149 879 teologorum
1179 789 1323 878 princeps

103 899 239 977 plurima
261 899 394 978 reliquit
413 916 508 978 opere
538 898 628 960 caius
658 899 792 980 indicem
813 898 1020 960 describimus
1051 915 1091 958 ex
1114 908 1243 960 nomene
1262 897 1327 962 odie

103 999 199 1071 tione,
223 1016 307 1074 quae
337 999 426 1060 iussu
449 998 497 1058 Pii
517 1001 555 1062 V.
578 1000 671 1060 Pont.
695 998 782 1059 Max.
801 997 946 1058 coniecta
967 1001 1114 1058 censetur
1136 1000 1169 1056 et
1189 995 1325 1060 omnium

102 1095 219 1172 optima
233 1099 297 1156 cst.
317 1095 406 1156 Tomi
428 1101 502 1157 sant
523 1097 754 1174 septemdecim.
769 1097 836 1158 Τ.Ι
855 1096 997 1156 continet
1016 1097 1121 1156 Vitam
1133 1095 1172 1154 B.
1192 1095 1326 1158 Theman

101 1201 129 1254 et
142 1193 383 1256 Commentario
394 1195 430 1253 ‘in
444 1193 552 1254 Libros
564 1195 815 1256 Peritermeuiae
827 1200 858 1255 et
866 1193 1074 1272 posteriorum
1086 1193 1327 1272 analyticorum.

102 1295 130 1352 lI
151 1295 274 1354 Tomus
296 1292 518 1370 complectitur
539 1294 771 1354 Commentario
790 1294 825 1352 in
844 1293 953 1352 Lite-oc
972 1292 1271 1370 montaneorum,
1293 1291 1328 1352 iu

102 1391 151 1450 lit.
175 1389 209 1450 4.
233 1389 274 1454 de
295 1392 378 1452 coelo
399 1397 429 1451 et
447 1389 576 1462 mundo,
599 1396 629 1452 et
647 1393 682 1450 in
700 1391 751 1452 ne.
771 1393 806 1452 2.
832 1391 869 1452 de
887 1391 1105 1468 peneretione.
1134 1391 1181 1452 III
1212 1391 1326 1452 mnus

103 1489 244 1566 continet
266 1489 555 1550 Commentariain
573 1490 641 1552 Lib.
661 1489 686 1550 4
706 1491 868 1564 Metteor„
900 1491 934 1550 in
954 1490 1005 1550 lte.
1030 1488 1067 1549 de
1088 1488 1210 1562 anima,
1242 1495 1273 1548 et
1292 1487 1328 1546 in

101 1604 202 1666 parva
222 1589 398 1649 naturalia.
421 1589 466 1651 IV
486 1589 601 1648 Turnus
624 1589 766 1650 continet
797 1589 1031 1651 Commentario
1061 1589 1096 1647 in
1119 1589 1169 1650 lit.
1194 1590 1242 1650 ‚12
1266 1607 1328 1650 me·

106 1689 345 1766 taptysicorum
365 1685 548 1748 Tractatum
568 1682 686 1749 deente
699 1687 970 1770 ormentionem
983 1688 1213 1748 commentariis
1227 1687 1324 1750 Caret.

108 1786 264 1867 Caietani)
284 1795 315 1850 et
328 1789 562 1866 Eapoeitionem
574 1789 608 1848 in
622 1789 692 1850 libr.
714 1788 752 1850 de
770 1791 880 1850 menis,
902 1791 930 1851 V
944 1789 1059 1850 Tomos
1075 1775 1221 1848 contiuet
1236 1787 1330 1848 Carn-

105 1888 263 1947 mentaria
282 1889 316 1947 in
336 1889 427 1956 libros
442 1889 494 1948 10.
511 1889 678 1950 ethicorum
692 1897 723 1950 et
734 1891 768 1950 in
789 1891 839 1949 ne.
856 1892 887 1950 8.
907 1889 1117 1968 politicorum.
1137 1889 1180 1950 VI
1201 1888 1325 1949 Tomus

107 1991 245 2048 recenset
270 1987 503 2048 Commentario
516 1988 549 2046 in
558 1989 700 2066 primam
713 1995 743 2049 et
754 1987 923 2050 seeundum
935 1988 1170 2050 senteetierum.
1193 1989 1253 2050 VII
1269 1989 1328 2047 Το-
1457 2045 1462 2054 ,

108 2102 169 2144 mus
202 2085 338 2145 exhibet
370 2087 603 2148 Commentario
630 2087 665 2144 in
694 2087 820 2148 tertium
850 2094 880 2147 et
908 2091 1056 2166 quartum
1071 2087 1331 2148 'sententiarum'
1456 2163 1459 2174 Ι

108 2184 175 2244 VIII
189 2185 311 2244 Tomus
327 2185 480 2258 continet,
498 2185 695 2250 Quaestione
708 2185 882 2264 depuratos
895 2191 925 2248 et
942 2185 1129 2252 Quodlibeta.
1145 2187 1192 2248 IX
1209 2189 1326 2246 Tomus

112 2283 329 2361 complectitur
348 2285 512 2346 Summam
532 2291 642 2346 contro
661 2284 886 2365 amitternum
902 2284 1139 2346 Commentariis
1159 2285 1326 2347 Francisci

115 2381 348 2462 Ierrnrlensis).
362 2384 392 2445 X
404 2385 517 2444 Tamus
532 2385 674 2444 continet
688 2385 832 2446 Primam
848 2394 974 2466 partem
993 2386 1153 2446 Summae
1166 2385 1329 2462 Itetoyiac

112 2483 188 2560 (cnm
209 2484 452 2544 Commentariis
473 2483 568 2543 Caret.
601 2483 759 2563 Caietuni)
778 2493 808 2546 et
838 2485 1058 2564 enpoutionem
1081 2483 1114 2543 S.
1133 2485 1271 2562 Dionysii
1292 2483 1329 2544 de

53 2637 57 2644 .
113 2580 218 2643 alicime
238 2583 425 2644 nominibus.
447 2583 494 2644 XI
507 2585 622 2644 Tamus
637 2587 780 2648 recenset
793 2584 937 2644 Primam
950 2582 1100 2646 secandae
1114 2589 1145 2644 et
1153 2581 1330 2643 Secundam

112 2678 270 2742 Secundae
288 2682 372 2760 (cunt
394 2681 631 2742 Commentariis
652 2681 748 2744 Caret
772 2681 938 2762 Caietam).
963 2683 1025 2744 XII
1050 2683 1166 2742 Tomus
1201 2682 1330 2742 exhibet
1417 2741 1418 2744 ,

117 2779 646 2862 Tertiompnrtemmnmcomment.
661 2779 756 2841 Card.
772 2779 955 2861 Caietoni)-
966 2783 1081 2842 Tamus
1092 2781 1170 2841 XIII
1187 2781 1329 2841 conticet

114 2877 376 2941 Commentariun
405 2883 439 2939 in
458 2879 523 2952 Iob,
544 2882 578 2940 in
602 2881 743 2959 primam
769 2883 1024 2957 quinqueremem
1052 2879 1263 2949 Poetneum,
1296 2879 1330 2963 in

114 2977 240 3042 Cantica
264 2979 478 3052 Cantica-um,
499 2980 534 3038 in
553 2978 680 3052 Ioniam,
702 2977 736 3038 in
756 2980 948 3040 Hieremiam
969 2986 999 3038 et
1017 2978 1161 3038 Thronos.
1178 2978 1255 3040 XIV
1269 2979 1329 3037 To-

113 3092 176 3136 mus
195 3077 343 3140 continet
365 3077 599 3138 Commentario
612 3078 647 3136 in
660 3076 858 3137 Matthaeum
873 3085 903 3137 et
915 3078 950 3136 in
963 3076 1123 3137 Ioannem.
1138 3076 1198 3136 XV
1213 3078 1328 3136 'lomus

113 3169 258 3236 continet
273 3177 412 3236 Auream
432 3182 575 3243 catenam
596 3193 635 3236 era
655 3175 804 3235 Patribus
830 3181 1006 3235 contentam
1029 3175 1064 3232 in
1084 3181 1219 3250 quotuor
1240 3191 1331 3250 esrae*⁸

111 3274 199 3346 palia.
226 3275 302 3336 XVI
323 3277 438 3334 'lomus
459 3273 600 3334 continet
623 3274 857 3338 Commentario
869 3273 904 3332 in
917 3290 1019 3334 omnes
1028 3272 1169 3350 epistolae
1181 3273 1215 3332 S.
1234 3273 1331 3332 Pauli
1426 3323 1428 3328 .

114 3377 140 3428 et
157 3372 322 3434 Sermones
341 3369 379 3432 de
392 3376 526 3451 tempore
539 3379 568 3433 et
581 3370 618 3432 de
632 3373 764 3432 Sanctis.
787 3371 879 3435 XVII
900 3373 1014 3432 tenus
1035 3371 1179 3430 continet
1200 3370 1331 3448 Septen

113 3470 199 3541 pinta
213 3471 280 3530 trin
300 3471 445 3549 opuscula
465 3478 495 3531 et
514 3471 673 3548 Scriptmn
692 3469 860 3532 seeundum
881 3472 915 3530 in
935 3475 1069 3546 quatuor
1089 3469 1198 3528 Libros
1210 3475 1329 3529 setten-

116 3567 230 3628 tiarum
252 3567 294 3627 od
313 3567 527 3630 Annitatdum
547 3567 764 3632 Cardinalem.
1195 3628 1198 3633 .

171 3668 302 3730 Tirones
317 3669 594 3729 Ceurrreernnffls.
609 3667 643 3748 (l
659 3665 759 3746 1280).
776 3666 957 3743 Discipulos
973 3664 1097 3726 Alterti
1111 3664 1154 3725 Μ.
1171 3663 1326 3740 Scripsit:

116 3763 300 3830 Cenaturit
320 3783 427 3827 rerum
447 3765 490 3824 20
511 3765 562 3823 lib.
600 3765 703 3826 Vitam
717 3768 759 3826 C.
792 3763 988 3840 Lutpardae,
1013 3764 1081 3822 Lib.
1104 3759 1143 3822 'de
1170 3762 1204 3822 C.
1225 3764 1333 3826 Maria

118 3859 356 3936 Contemnendo
369 3864 403 3924 S.
421 3864 527 3934 Maria
539 3862 669 3940 iprensi,
684 3871 714 3923 et
727 3863 765 3923 de
778 3863 894 3924 Ioanne
902 3863 1006 3941 primo
1019 3862 1138 3923 Abbati
1151 3865 1333 3925 monasterii

119 3959 361 4042 Centimatensis
373 3970 402 4024 et
419 3962 567 4040 opuscula
585 3961 623 4021 de
640 3961 884 4040 proprietatibus
901 3979 997 4039 epam
1011 3959 1127 4022 duobus
1148 3962 1232 4021 libris
1248 3971 1332 4022 'com-

114 4062 275 4135 menresa,
290 4061 450 4137 inquibus
473 4060 530 4120 sub
551 4059 655 4138 figura
676 4079 768 4138 epum
789 4061 889 4122 multe
903 4060 1051 4122 edisserit
1061 4061 1107 4121 *de
1123 4061 1223 4120 officio
1238 4063 1334 4122 Prae·

118 4153 250 4219 latorum
271 4163 303 4221 et
324 4160 531 4220 subditorum.
974 4239 978 4248 ¹

168 4261 274 4322 Laese
293 4261 348 4320 Er.
369 4261 535 4322 Tenessis.
556 4258 589 4340 (†
612 4255 710 4338 1288)
731 4257 874 4336 Reliquit
893 4260 1001 4321 Libros
1021 4265 1082 4319 tres
1100 4258 1137 4318 de
1158 4258 1233 4338 fidei
1265 4275 1338 4317 con·
1419 4292 1422 4296 -

117 4360 265 4420 troversiis
275 4359 580 4434 eontraAlbiqenses,
590 4365 619 4420 et
630 4359 802 4419 Chronicon
815 4358 876 4440 (Ab
887 4359 1004 4420 Adnmo
1018 4373 1116 4434 usque
1127 4358 1166 4418 ed
1184 4375 1211 4416 e.
1227 4355 1333 4436 1236).

41 4531 42 4536 η
118 4455 280 4518 Praeterea
304 4458 407 4518 Vitam
426 4465 456 4518 et
473 4459 629 4519 miracuta
648 4457 681 4518 S.
707 4453 826 4524 isidori.
