3404 5360
397 373 531 418 romana
551 362 644 417 oetas.
660 385 677 402 ·
700 354 836 433 Scripsit
861 359 1025 434 praeterea
1054 351 1277 434 Genealopiarn
1298 356 1484 417 historicam
1514 355 1617 418 donnas

393 454 577 516 Mutinensis
597 487 615 502 -
635 455 722 514 Delta
737 455 878 532 perfetta
892 455 999 532 poesia
1016 455 1153 526 italiana
1174 487 1191 501 -
1211 455 1266 516 Del
1278 471 1417 531 pacano
1438 453 1523 516 deta
1538 463 1618 534 peste

392 572 407 615 e
427 553 503 615 delle
522 555 661 615 mantare
681 552 714 611 di
734 552 949 628 pnardarsene
968 585 985 600 -
1011 553 1115 614 Vitam
1125 553 1259 630 Siponii,
1271 584 1289 598 -
1300 553 1541 633 Panegyricarn
1552 569 1619 614 ora·

391 653 505 714 donent
523 651 672 712 Dadooici
691 650 742 710 XI
743 650 775 710 V.
791 681 808 696 -
822 649 842 710 l
842 651 852 708 t
871 651 1092 712 maiiannirno
1105 652 1195 728 selice
1207 651 1283 714 nelle
1295 651 1439 712 missioni
1452 649 1504 712 dei
1520 651 1619 715 Para-

390 752 469 828 pnai
491 781 509 796 ·
534 751 620 811 Delta
644 749 788 825 repolata
816 749 977 812 decorione
996 751 1146 811 cristiana
1166 782 1183 796 ·
1204 749 1335 810 Antonii
1365 749 1557 826 Campanae
1584 747 1619 808 de

389 849 613 926 superstitione
629 848 761 908 uitanda
780 845 926 908 aduersae
945 854 1050 908 cotnra
1068 848 1312 924 eanpninariara
1327 865 1389 924 pro
1410 846 1619 908 immaculata

391 948 545 1024 Deiparae
564 947 765 1024 conceptione.
781 945 924 1022 Reliquit
943 946 1038 1008 etiem
1060 945 1211 1008 ineditam
1226 945 1387 1024 synopsim
1411 945 1527 1006 italiae
1548 961 1621 1004 con·

392 1045 543 1122 scriptum
553 1043 661 1120 Antiq.
673 1044 858 1105 Italicarum
868 1043 959 1104 cuius
969 1044 1089 1120 aliquot
1103 1043 1263 1106 volumina
1276 1046 1400 1106 tantum
1417 1042 1618 1122 prodierunt.

452 1143 586 1205 iamnes
606 1143 643 1202 A.
667 1143 801 1203 anarn
829 1141 866 1222 (i
889 1139 989 1221 1758).
1022 1141 1130 1204 Edidit
1156 1159 1234 1219 opus
1264 1141 1377 1202 summi
1404 1139 1560 1219 ponderis
1588 1144 1618 1200 et

393 1240 643 1302 eruditissimum
664 1240 716 1300 cui
741 1239 870 1300 titulus:
892 1240 982 1301 Delta
996 1237 1126 1317 potata
1146 1239 1297 1322 epotiria
1324 1237 1408 1300 della
1433 1237 1548 1300 Chiaca
1570 1239 1619 1298 ud·

391 1345 503 1399 versus
524 1340 656 1399 Petrum
677 1335 874 1398 Iannoniumss

449 1436 608 1500 Nuuonuus
628 1437 768 1499 Beneuen
787 1433 903 1516 (1760).
935 1435 1073 1512 Scripsit
1102 1451 1196 1514 opere
1225 1435 1432 1512 sequentibus
1464 1433 1618 1496 distincta

391 1535 515 1596 titulis:
541 1535 675 1594 Deisnens
692 1535 851 1610 refutatas
866 1549 925 1610 per
943 1551 974 1594 se
992 1533 1094 1610 ipsane
1114 1565 1134 1580 -
1156 1533 1317 1594 Certitndo
1345 1533 1515 1609 relipionis
1540 1531 1616 1592 chri

367 1670 370 1674 -
388 1631 703 1710 titanae-Apolopia
713 1631 1201 1707 einederarelipionis-Eaarnen
1213 1632 1435 1694 rnateriaherni
1450 1631 1616 1708 -Recpon

389 1747 457 1789 cara
477 1730 519 1790 aa
539 1730 665 1792 consilia
684 1729 886 1790 rationabilia
915 1735 1025 1789 contra
1049 1729 1177 1790 Voltarii
1204 1730 1421 1806 sophismata·
1449 1729 1616 1788 Tractatns

388 1828 743 1904 historico-deprecarer
772 1845 861 1890 cerae
888 1827 1069 1904 reliaionis;
1098 1827 1326 1888 Dictionarinra
1352 1827 1564 1903 ttaolopicara
1586 1824 1615 1883 in

390 1943 452 2002 qno
473 1922 555 1986 sunt'
568 1928 717 2003 quaedem
739 1926 860 2004 scripte
880 1926 919 1987 eb
939 1945 976 1986 eo
996 1929 1068 2004 post
1088 1926 1202 1988 initam
1230 1945 1301 1988 aum
1316 1923 1613 2006 Encyelopaedistis

390 2024 572 2088 societatem
591 2025 736 2086 coniecta
756 2028 788 2086 et
808 2025 873 2085 elie
893 2025 1046 2087 nonnulle.
1066 2042 1169 2102 opere.

398 2177 401 2184 .
448 2124 637 2185 (thensaurus
656 2121 829 2185 Gnnmnms
859 2123 936 2186 Ona.
962 2123 1109 2184 'Breuem
1128 2120 1247 2203 (1760).
1272 2121 1332 2187 Vir
1356 2121 1442 2184 omni
1471 2119 1614 2199 discipli·

391 2237 500 2284 nerum
521 2238 633 2299 genere
653 2219 801 2280 excultus
822 2220 876 2297 qui
889 2221 1041 2282 adversus
1063 2221 1223 2298 sophistes
1244 2221 1390 2298 antiquos
1404 2225 1438 2282 et
1459 2219 1613 2284 recentio-

391 2336 452 2394 res,
469 2318 597 2392 deintus,
612 2317 849 2392 materialistas,
864 2318 1147 2397 pseudo-politicos
1167 2319 1380 2382 Febronienos
1401 2323 1464 2382 etc.
1483 2321 1610 2380 strenuo

390 2417 537 2486 certavit
562 2417 639 2478 Eius
664 2434 757 2495 opera
782 2416 876 2478 simul
899 2415 1033 2478 collecta
1053 2417 1138 2478 edite
1162 2403 1238 2478 sunt
1258 2417 1415 2478 Bononiae
1441 2436 1495 2478 an.
1521 2413 1611 2478 1784·

391 2515 479 2578 1791.
501 2535 537 2576 ac
557 2516 673 2576 iterum
703 2513 790 2576 1806.
811 2516 895 2582 Quae
910 2514 1034 2592 prodiit
1062 2516 1185 2581 Romae
1203 2515 1300 2576 editio
1328 2515 1517 2593 completior
1548 2515 1606 2574 est.

390 2613 472 2674 Male
487 2613 523 2672 de
536 2611 675 2675 (ierdilio
696 2611 802 2671 meriti
817 2615 903 2686 sunt,
920 2611 974 2689 qui
990 2611 1112 2690 scripte
1125 2613 1275 2689 quaedam
1289 2613 1327 2672 ab
1340 2613 1457 2674 eximio
1480 2615 1609 2674 auctore

390 2727 485 2788 prope
514 2709 646 2772 imberbi
677 2709 864 2770 concinnate
893 2713 925 2771 et
952 2709 1111 2788 sapienter
1135 2709 1251 2772 omissa
1280 2711 1314 2771 in
1348 2708 1608 2788 praecedentibus

389 2807 580 2871 editionibus
601 2807 635 2868 in
650 2807 751 2900 lucem
770 2808 997 2885 produxerunt.
1017 2841 1057 2856 -
1077 2809 1177 2886 Opere
1190 2804 1295 2869 autem
1308 2809 1376 2870 eius
1395 2813 1473 2870 sunt
1492 2807 1609 2870 Traitte

301 2899 304 2906 ’
389 2903 426 2966 de
461 2905 620 2982 Theolopie
641 2913 671 2966 at
685 2904 713 2966 ’4
731 2907 947 2968 Dissertations
976 2925 1030 2966 sar
1051 2907 1083 2968 ta
1109 2908 1249 2968 accessiri
1276 2907 1313 2968 oe
1336 2907 1369 2968 ta
1398 2907 1573 2970 revelation
1590 2933 1609 2948 -

393 3002 497 3066 Traitt
517 3002 555 3065 de
575 3005 595 3062 l'
609 3005 841 3066 immaterialitt
863 3005 900 3066 de
921 3004 940 3062 i'
953 3023 1022 3068 anre
1041 3011 1146 3067 contre
1172 3005 1283 3080 Locha
1305 3012 1334 3066 et
1364 3007 1396 3066 la
1414 3007 1549 3083 Defensa
1568 3002 1609 3062 dn

390 3101 432 3162 P.
451 3103 671 3166 Matcbranche
699 3110 802 3165 contre
822 3121 855 3166 oe
869 3104 1047 3186 philoeophe
1075 3137 1096 3151 -
1119 3105 1211 3165 Essai
1238 3103 1338 3166 d'nne
1363 3091 1608 3168 elemonstration

389 3202 634 3278 mathematiqne
652 3209 758 3264 cantra
778 3201 954 3264 t'eaistence
975 3203 1117 3264 eternelle
1137 3203 1174 3264 de
1195 3203 1226 3262 ta
1245 3205 1374 3264 mutiero
1395 3210 1426 3264 et
1451 3203 1497 3278 aa
1523 3219 1607 3264 mon·
1699 3277 1700 3280 Ἴ

388 3307 507 3365 rement
526 3306 581 3360 etc.
602 3299 764 3361 Mtrnoiras
790 3319 845 3360 aar
876 3299 998 3380 h’inftni
1026 3302 1131 3388 abacia
1160 3301 1313 3364 caecae
1342 3301 1421 3362 dane
1449 3303 1482 3364 la
1504 3317 1604 3398 pran-

389 3395 478 3471 denr,
500 3403 530 3457 et
546 3415 601 3458 cnr
621 3395 640 3456 l’
653 3397 746 3460 ordre
774 3397 853 3460 dans
873 3399 899 3460 te
916 3415 1012 3474 yenre
1041 3399 1085 3460 dn
1104 3401 1174 3461 arai
1193 3407 1224 3462 et
1242 3400 1286 3460 dn
1305 3401 1382 3462 bean
1401 3434 1422 3446 -
1440 3402 1535 3464 Essai
1554 3416 1605 3460 eur
1698 3459 1699 3481 χ

388 3493 437 3554 lee-
453 3501 622 3556 caracteres
637 3494 811 3572 'destinatis
830 3496 867 3556 de
892 3494 1042 3558 l'hornrne
1069 3517 1084 3559 e
1110 3497 1161 3559 dec
1187 3499 1342 3576 onirnancc
1371 3500 1474 3561 brntes
1505 3507 1561 3562 etc.
1585 3527 1604 3542 -
1697 3526 1700 3577 ῃ

388 3589 644 3672 incompatibilitt
662 3593 714 3654 des
727 3594 884 3672 principes
903 3593 941 3656 de
960 3597 1116 3656 Descartee
1135 3603 1165 3657 et
1185 3595 1222 3657 de
1241 3596 1380 3674 Spinoza
1397 3630 1414 3643 -
1439 3597 1605 3660 Echaircis·

281 3767 284 3772 Δ
388 3697 503 3752 rement
519 3709 574 3752 sar
594 3692 625 3753 ta
644 3693 751 3755 notion
771 3699 800 3754 et
819 3692 851 3752 ta
871 3691 1043 3758 divisibilite
1070 3694 1107 3756 de
1136 3693 1294 3756 t’ttendne
1314 3697 1536 3774 ptometriqne,
1567 3711 1603 3754 cn

389 3803 515 3866 reponse
539 3807 560 3850 a
579 3789 625 3850 M.
645 3791 764 3868 anah
782 3823 800 3836 -
819 3790 996 3868 Refleaions
1014 3810 1069 3852 sar
1086 3812 1131 3853 nn
1161 3793 1306 3854 mernoire
1325 3793 1363 3854 de
1385 3795 1432 3856 M.
1452 3793 1603 3873 Bepneiin

389 3893 575 3950 concreant
594 3889 621 3948 ie
637 3890 781 3968 princepe
800 3889 837 3950 da
858 3891 890 3948 la
909 3891 1015 3952 raison
1033 3895 1203 3971 snffisante,
1225 3897 1254 3952 et
1273 3890 1310 3952 de
1331 3893 1362 3952 ta
1377 3894 1545 3970 possibilitt
1565 3907 1602 3951 on

390 3983 416 4046 le
433 3990 560 4063 systema
581 3983 623 4044 dn
643 3986 760 4048 hasard
780 4019 797 4033 ·
817 3989 1033 4048 Dissertations
1045 4008 1100 4050 sar
1120 3989 1398 4068 t'incornpatihilith
1419 3991 1456 4052 do
1476 3990 1604 4052 l’attra»
1698 4047 1699 4056 ,

389 4083 471 4144 otion
490 4089 521 4144 et
540 4081 577 4144 de
596 4101 640 4144 see
659 4083 833 4161 differentes
852 4087 907 4146 lois
926 4105 997 4148 avec
1017 4089 1059 4149 tes
1074 4089 1287 4166 phenoratnes,
1309 4095 1339 4150 et
1351 4103 1406 4148 sar
1421 4090 1462 4151 les
1481 4097 1603 4170 inpane
1698 4081 1700 4108 ”

389 4180 563 4258 capillairas
582 4213 600 4227 -
614 4181 763 4242 thoire
781 4201 835 4242 sar
856 4185 887 4244 ta
908 4186 1046 4245 cahanan
1066 4216 1083 4232 ·
1107 4185 1318 4247 obseruatione
1337 4206 1392 4248 sur
1412 4189 1452 4248 tes
1476 4193 1602 4266 epoqnes

391 4277 429 4342 de
448 4279 487 4340 ta
498 4285 612 4355 natare
630 4297 711 4358 pour
729 4281 826 4340 servir
845 4281 883 4342 de
902 4284 980 4346 snite
1000 4287 1021 4344 d
1041 4282 1061 4342 t’
1072 4301 1204 4344 eramen
1224 4284 1275 4346 dee
1292 4291 1433 4366 spsttrnes
1451 4305 1506 4348 sar
1526 4285 1600 4347 t'an·

390 4377 498 4454 tiqnite
517 4376 560 4438 dn
579 4377 691 4440 monde
710 4410 731 4424 -
754 4377 859 4438 Traitt
879 4379 931 4440 des
949 4381 1083 4442 rorabatr
1101 4382 1265 4458 sinpnlicrs
1284 4402 1324 4444 oa
1345 4384 1396 4446 der
1409 4385 1494 4448 dnels
1515 4415 1532 4432 -
1550 4379 1602 4446 lti-

391 4493 493 4538 ecanrs
506 4477 752 4557 philosophique
769 4493 824 4538 sar
844 4474 984 4540 i'hornme
1011 4479 1165 4542 considere
1183 4482 1396 4544 ritatiuement
1414 4485 1436 4544 d
1456 4481 1541 4546 t'ttat
1561 4479 1596 4542 do
