3444 5358
638 312 820 373 -145-

598 509 780 572 succubo
804 510 862 570 IX.

164 705 254 766 Novr
280 706 463 767 Msurcalsr
485 723 519 767 ns
546 707 689 768 Ouruurs
717 705 757 786 (a.
781 703 864 785 811).
900 707 1033 766 Praeter
1063 703 1346 765 Manichaeismum

105 801 248 878 professi
272 807 349 862 sunt
369 803 524 864 haeresim
545 803 824 864 Iconoclastarum.
1251 865 1252 868 ,

163 901 333 962 Cnaunrus
353 901 488 963 Teuma.
513 903 568 962 Ee.
584 900 625 981 (a.
640 899 723 978 820).
748 901 1017 961 iconoclastarum
1038 917 1163 959 errores
1180 897 1343 976 professus

106 999 168 1069 est,
189 1001 225 1056 et
248 999 468 1060 Ecclesiarum
489 999 605 1060 Cruces
627 1017 664 1058 ac
685 999 842 1076 Imagines
865 999 987 1059 conteri
1002 1001 1034 1058 et
1050 997 1186 1058 cremari
1201 995 1341 1056 curavit.

106 1095 227 1154 Docuit
259 1095 447 1156 Pontificem
476 1097 516 1156 R.
548 1115 610 1158 non
641 1097 807 1164 succedere
839 1098 947 1168 Petro,
971 1097 1024 1155 sed
1056 1096 1144 1156 Petri
1175 1111 1272 1154 onera
1293 1111 1349 1154 su·

19 1239 20 1242 ,
107 1192 245 1252 stinere.

165 1293 441 1354 Gorrnscnuncus
460 1291 502 1372 (a.
523 1288 606 1369 497).
638 1291 754 1350 Docuit
784 1290 882 1350 Deum
903 1291 1019 1366 absque
1048 1289 1247 1367 praevisione
1271 1287 1345 1348 boni

104 1387 135 1443 et
155 1387 238 1446 mali
262 1389 385 1464 aliquos
406 1389 548 1449 absolute
569 1389 820 1465 praedestinasse
841 1391 879 1448 ad
901 1390 1002 1448 vitam
1023 1393 1194 1461 aeternam,
1222 1387 1346 1463 aliquos

104 1501 180 1541 vero
202 1485 353 1546 absolute
374 1488 550 1547 damnasse.
572 1487 735 1547 Christum
757 1504 814 1564 pro
835 1486 980 1548 omnibus
1003 1491 1162 1546 mortuum
1179 1505 1240 1544 non
1257 1502 1340 1556 esse,

104 1596 161 1639 nec
185 1583 292 1642 Deum
314 1581 396 1643 velle
417 1584 556 1644 omnium
581 1584 725 1643 salutem.
1255 1579 1256 1583 ’

165 1681 313 1742 Ioannrs
334 1683 476 1743 Eatenus
496 1681 538 1762 (a.
560 1679 643 1759 858).
668 1682 784 1742 Docuit
804 1683 1043 1743 Eucharistiam
1057 1701 1119 1742 non
1140 1699 1208 1740 esse
1235 1699 1346 1741 vorum

105 1775 231 1854 Corpus
255 1782 289 1838 et
319 1779 511 1857 Sanguinem
542 1779 676 1852 Christi,
700 1781 753 1838 sed
786 1783 910 1840 tantum
930 1779 1112 1840 memoriam
1141 1779 1292 1856 Corporis
1316 1782 1349 1837 et

109 1874 300 1952 Sanguinis.
1240 1899 1242 1903 ’

166 1973 318 2036 Pnorrus
339 1975 442 2036 Souis.
465 1975 598 2036 Oarnur.
621 1975 720 2037 Aucr.
741 1974 784 2055 (a.
808 1973 892 2054 867).
915 1974 1063 2034 asseruit
1084 1974 1136 2051 Sp.
1162 1974 1345 2034 Sanctuma

107 2069 175 2128 solo
197 2073 300 2132 Patre
321 2074 498 2149 procedere.

166 2171 354 2233 Gnscoums
370 2171 485 2232 'Srnsc
508 2169 551 2251 (a.
573 2169 656 2250 867).
679 2172 788 2231 Photii
808 2187 932 2232 errores
953 2168 1114 2248 professus
1136 2173 1199 2242 est,
1217 2169 1269 2228 cui
1286 2185 1343 2228 sex

108 2265 235 2328 dierum
258 2269 362 2345 spatio
382 2287 487 2328 omnes
510 2269 635 2328 ordines
658 2287 765 2330 sacros
787 2269 935 2329 contulit.

614 2564 797 2626 SAECULO
818 2565 859 2625 X.

170 2757 533 2820 Anrnnorouonrurros
552 2758 596 2839 (a.
618 2758 701 2839 939).
725 2761 789 2821 Deo
810 2762 981 2821 humanum
1004 2777 1118 2837 corpus
1148 2759 1344 2820 tribuerunt.

171 2855 331 2917 anlrrcr
353 2858 556 2931 haurienda,
578 2861 743 2921 Vrucauus
763 2858 805 2938 (a.
831 2857 934 2938 1000).
957 2857 1085 2917 Primus
1106 2857 1346 2917 adecimissol-

113 2954 227 3014 vendis
249 2955 452 3032 dispensabat
472 2963 504 3015 ct
527 2956 714 3016 revelationi
736 2957 903 3015 dumtaxat
924 2975 942 3016 a
965 2955 1130 3032 Prophetis
1160 2954 1287 3015 habitae
1311 2954 1347 3012 fi-

113 3051 180 3111 dem
203 3054 382 3130 praestitit.
405 3056 500 3115 Alter
521 3055 617 3116 dictis
649 3055 745 3114 etiam
776 3055 946 3116 Poetarum
971 3053 1061 3112 fldem
1083 3053 1255 3113 habendam
1277 3069 1346 3112 esse

113 3148 279 3212 deliravit.

601 3447 783 3510 SAEOULO
807 3449 865 3509 Xl.

186 3645 272 3706 Novi
301 3644 483 3706 Munrcnlnr
507 3677 524 3690 -
547 3646 731 3708 suessanus
760 3648 889 3708 Lrsorus
910 3677 927 3691 -
948 3647 1151 3706 Hrnrssnrus
1173 3641 1214 3723 (a.
1244 3639 1344 3721 1022).

123 3739 293 3821 Negabant
314 3744 424 3804 Mundi
446 3744 649 3817 creationem,
665 3745 869 3817 Trinitatem,
883 3742 1149 3814 Incarnationem,
1164 3739 1346 3804 Passionem

119 3837 241 3901 Christi
263 3861 300 3902 ac
322 3843 478 3920 Baptismi
501 3842 664 3902 virtutem.
686 3843 938 3902 condemnabant
962 3837 1211 3912 Matrimonium,
1234 3856 1271 3898 ac
1294 3857 1347 3897 ne·
1443 3883 1445 3889 ,

118 3938 237 4011 gabant
256 3941 429 4018 praemium
450 3942 601 4000 bonorum
622 3944 654 3999 et
675 3959 804 4016 poenam
827 3940 979 4000 malorum
1001 3953 1141 4014 operum.
1229 3993 1231 3997 ,

178 4041 392 4101 Gsnnunrnus
404 4038 446 4120 (a.
462 4037 562 4117 1025).
572 4037 819 4100 Manichaeismo
829 4039 963 4099 addebat
977 4041 1191 4115 contemptum
1206 4036 1344 4096 omnium

120 4149 282 4196 sacrarum
312 4154 431 4210 rerum,
453 4141 485 4196 et
506 4137 688 4214 sepulturae
719 4137 924 4212 christianae,
946 4137 1106 4214 lapsisque
1134 4140 1206 4213 post
1227 4133 1346 4212 proles-

120 4229 251 4306 sionem,
271 4235 498 4311 poenitentiam
519 4235 762 4296 intercludebat.

179 4333 326 4393 Mrcusnn
346 4334 563 4396 Ossaunanrus
583 4333 626 4414 (a.
644 4330 746 4412 1043).
762 4333 906 4394 Schisma
927 4333 1111 4411 photianum
1131 4331 1342 4404 instauravit,

123 4428 160 4486 ad
181 4431 430 4492 consecrationis
452 4431 652 4493 validitatem
682 4433 890 4493 contendebat
920 4431 1040 4509 requiri
1067 4430 1291 4491 fermentatum
1312 4433 1345 4488 et
1386 4469 1399 4516 p

122 4527 256 4604 negabat
277 4530 379 4590 valide
400 4549 545 4608 azymum
567 4531 760 4592 consecrari.

1206 4663 1238 4707 '10
