3444 5358
204 409 391 476 Hsovunms
410 413 453 495 (a.
475 411 559 493 382).
582 413 736 491 Deiparae
754 416 937 490 perpetuam
962 411 1181 490 virginitatem
1210 413 1372 476 inficiatus

138 512 195 568 est:
219 511 469 572 Matrimonium
490 512 675 590 virginitati
697 511 856 588 aequavit.

191 609 498 672 Pnnscmnmuusuun
519 611 562 692 (a.
588 609 671 689 389).
703 609 875 670 Erroribus
900 608 1044 680 sabellii,
1065 608 1150 681 Arii,
1172 610 1373 673 Manichaeo-

132 722 202 764 rum
239 711 275 766 et
300 706 530 769 Gnosticorum
552 709 709 768 addebant
729 708 766 767 de
788 725 857 778 suo,
880 705 980 766 fatum
1002 706 1244 784 astrologicam,
1276 709 1372 770 licen-

131 803 209 862 tiam
231 807 397 866 mendacii
417 812 450 866 et
471 807 617 885 periurii,
640 805 827 866 facultatem
849 804 977 863 docendi
1000 806 1105 864 datam
1135 803 1290 868 foeminis.

190 903 371 965 Bonosum
393 904 435 984 (a.
457 903 540 982 389).
561 905 677 964 Bouosi
698 901 843 979 discipuli
883 905 1063 980 perpetuam
1093 901 1245 978 Deiparae
1274 905 1372 982 virgi·

130 997 267 1059 nitatem
291 1009 389 1077 atque
409 1003 510 1080 ipsam
532 1002 654 1064 Christi
675 1001 878 1060 divinitatem
900 999 1105 1060 reiecerunt„

189 1098 387 1162 Iovrnmuus
405 1100 448 1180 (a.
470 1098 554 1178 390).
577 1100 751 1177 Spernebat
784 1097 972 1158 coelibatum
1000 1102 1033 1156 et
1063 1097 1298 1171 monachatum,
1323 1117 1371 1158 re-

128 1195 294 1270 probabat
317 1197 435 1258 iciunia
455 1203 487 1257 et
507 1197 733 1258 abstinentiam
763 1199 892 1256 accrto
913 1194 1054 1254 ciborum
1085 1213 1212 1272 genere,
1235 1197 1371 1274 negabat

129 1292 400 1369 inaequalitatem
430 1301 644 1373 peccatorum,
668 1295 854 1354 meritorum
881 1297 913 1352 et
941 1293 1149 1369 praemiorum
1182 1294 1368 1354 coelestium

128 1395 160 1448 et
182 1393 317 1467 gratiae
339 1393 620 1479 amissibilitatem
635 1391 818 1454 affirmabat
833 1391 1055 1468 virginitatem
1078 1392 1286 1482 Beatissimae
1297 1393 1372 1452 Vir·
1493 1399 1498 1408 '

128 1488 216 1563 ginis
240 1490 277 1548 in
300 1496 396 1568 partu
418 1491 546 1552 laesam.

188 1589 382 1670 Ann1us(a.
403 1588 487 1668 391).
511 1590 720 1667 presbyteros
744 1588 909 1665 Episcopis
941 1587 1108 1662 aequabat,
1131 1587 1299 1648 damnabat
1320 1605 1369 1648 sa·

129 1683 275 1757 crificia,
301 1688 459 1748 orationes
480 1691 513 1747 et
534 1688 615 1746 bona
635 1703 730 1765 opera
748 1703 807 1763 pro
828 1685 1004 1757 defunctis3
1022 1683 1186 1746 reiicicbat
1200 1685 1318 1746 ieiunia
1329 1686 1369 1745 ab

129 1782 286 1844 Ecclesia
307 1785 504 1862 praescripta
524 1789 557 1845 ct
576 1785 762 1845 Paschalem
784 1783 1011 1843 celebritatem.

713 1911 796 1931 —

632 1979 816 2041 SAEOULO
837 1979 876 2042 V.
929 2049 931 2054 ,

192 2175 393 2237 Turononus
414 2177 665 2238 Morsursrnnus
685 2175 728 2256 (a.
750 2173 834 2254 381).
868 2175 1028 2236 Unitatem
1047 2191 1197 2252 personae
1219 2176 1252 2236 in
1274 2176 1367 2238 Obri-

132 2273 183 2330 sto
206 2274 358 2350 negavit,
381 2274 535 2333 rationem
558 2277 716 2349 tamquam
739 2274 883 2333 ultimam
896 2274 1044 2333 veritatis
1059 2291 1199 2334 normam
1212 2277 1365 2336 adseruit.

191 2373 410 2433 erueurms
431 2374 542 2433 Pansa.
564 2370 1064 2453 Brennum.404).00e1ibatum
1085 2391 1121 2434 ac
1144 2369 1366 2451 virginitatem

130 2469 336 2546 oppugnavit
355 2475 388 2529 et
409 2474 589 2546 martyrum
611 2469 733 2529 cultum
761 2470 885 2530 reiecit.

192 2569 354 2628 Panaenus
383 2567 426 2647 (a.
455 2565 538 2646 404).
574 2568 708 2628 Erravit
738 2569 875 2628 docendo
905 2568 1058 2628 Adamum
1080 2566 1180 2628 fuisse
1202 2570 1364 2630 conditum

130 2665 301 2725 mortalem
323 2671 356 2726 et
376 2666 514 2725 miseriis
538 2666 836 2738 vitaesubiectum,
860 2685 896 2725 ac
919 2667 1014 2726 talem
1036 2670 1156 2726 statum
1172 2666 1272 2730 luisse
1293 2689 1366 2730 con·

131 2762 290 2822 ditionem
312 2770 456 2840 naturae,
479 2783 541 2822 non
563 2765 672 2842 culpae
694 2766 854 2825 meritum:
876 2767 1033 2842 peccando
1052 2766 1205 2826 Adamum
1228 2768 1289 2826 sibi
1306 2768 1366 2826 soli

132 2863 297 2935 nocuisse,
319 2882 381 2922 non
402 2864 538 2940 posteris
561 2864 623 2922 nisi
645 2864 913 2942 exemplo·,jnasci
943 2864 1084 2923 homiues
1113 2866 1149 2923 de
1172 2864 1259 2924 facto
1281 2866 1366 2926 sicut

132 2961 237 3020 Adam
260 2961 405 3020 conditus
428 2960 545 3032 fuerat,
568 2979 624 3020 nec
648 2961 796 3021 contrabi
818 2962 973 3020 nascendo
995 2962 1130 3038 culpam3
1147 2963 1276 3038 ideoque
1293 2981 1365 3040 par-

132 3059 229 3119 vulos
251 3077 312 3118 non
333 3077 425 3136 egere
447 3059 604 3136 baptismo
625 3061 665 3119 ad
687 3060 848 3120 delendum
869 3063 1033 3136 peccatum
1061 3059 1229 3137 originale,
1252 3063 1305 3122 sed
1326 3062 1365 3122 ad

133 3155 320 3217 intrandum
343 3157 376 3216 in
398 3176 528 3235 regnum
550 3158 708 3218 caelorum
728 3176 747 3217 a
769 3157 837 3218 vita
868 3162 996 3218 aeterna
1023 3157 1230 3233 distinctum
1254 3177 1366 3237 conge-

134 3255 223 3316 nitas
254 3256 374 3314 homini
410 3257 494 3315 vires
526 3275 563 3316 aa
593 3256 774 3317 libertatem
806 3254 953 3316 sufficere
983 3257 1021 3316 ad
1042 3273 1147 3316 omnes
1170 3258 1363 3318 tentationes

134 3355 321 3428 vincendas,
344 3357 382 3414 ad
403 3359 533 3432 peccata
561 3355 664 3415 omnia
694 3355 836 3427 vitanda,
858 3357 897 3415 ad
928 3353 1032 3414 omnia
1052 3355 1109 3414 Dei
1130 3358 1277 3418 mandata
1298 3375 1364 3420 ser·

136 3455 252 3514 nanda.
269 3454 307 3512 ad
322 3453 550 3513 beatitudinem
571 3455 832 3530 consequendam,
855 3454 893 3512 ad
914 3471 993 3528 quae
1014 3472 1076 3513 uon
1098 3454 1220 3529 quidem
1243 3457 1365 3533 simpli-

135 3552 233 3624 citer,
255 3553 308 3610 sed
331 3549 459 3611 facilius
490 3551 669 3624 efficienda,
692 3552 830 3630 gratiam
860 3552 918 3610 Dei
946 3569 1014 3610 esse
1035 3553 1258 3627 necessariam
1282 3554 1364 3616 bano

135 3669 213 3712 vero
234 3651 303 3709 dari
324 3669 385 3709 non
407 3651 562 3728 gratuito,
585 3653 638 3710 sed
659 3651 827 3710 secundum
848 3649 962 3709 merita
982 3649 1143 3710 naturalia
1158 3649 1180 3708 ¹.

196 3751 451 3832 Ouaussr1us(a.
475 3749 558 3830 404).
580 3750 703 3826 Pelagii
734 3747 910 3825 discipulus
942 3751 975 3806 et
995 3747 1121 3808 adiutor
1147 3750 1271 3810 eosdem
1293 3767 1365 3827 pro-

134 3849 240 3912 fessus
261 3855 312 3911 est
331 3868 465 3910 errores.

195 3947 571 4029 Pnasnnsrrnur1nnn(a.
592 3945 675 4027 416).
707 3945 875 4007 Hominum
905 3945 991 4004 sicut
1010 3946 1145 4007 salutem
1170 3947 1271 4009 itaet
1292 3953 1363 4026 per-

133 4047 285 4107 ditionem
306 4047 398 4108 satali
419 4048 609 4107 necessitate
631 4045 785 4106 contineri
806 4046 992 4105 docuerunt.
1008 4045 1171 4107 Christum
1187 4065 1245 4126 pro
1257 4047 1362 4106 omni·

135 4146 193 4206 bus
215 4151 373 4206 mortuum
394 4151 563 4224 negarunt,
586 4149 786 4205 sacramenta
816 4144 849 4202 in
880 4143 1122 4221 praedestinatis
1156 4148 1194 4206 ad
1230 4149 1362 4206 mortem

136 4246 200 4304 vim
223 4263 284 4304 non
304 4246 419 4306 babere
441 4245 563 4305 delendi
586 4248 715 4321 peccata
735 4247 792 4304 aut
812 4243 993 4306 conferendi
1015 4244 1164 4321 gratiam.
1248 4231 1250 4234 ¹

195 4343 345 4407 Iomnuus
366 4347 483 4406 Eouun.
507 4345 560 4404 Er.
585 4344 627 4425 (a.
650 4341 732 4423 419).
757 4342 889 4403 Errores
911 4343 1033 4420 Pelagii
1054 4346 1207 4420 sequutus
1228 4348 1287 4406 est.

189 4568 199 4610 1
216 4566 252 4612 cf.
268 4567 421 4614 tractatum
435 4566 468 4613 de
481 4567 533 4613 Deo
546 4567 657 4614 creante
671 4566 698 4612 et
712 4565 835 4613 elevante
848 4566 882 4612 cl.
897 4564 1027 4614 Dominict
1041 4565 1247 4620 Palmier1,s.1.
