3466 5362
161 445 228 504 dam
251 461 326 504 vero
351 443 382 531 S.
405 441 605 519 Augustinus
627 444 660 500 et
687 440 816 502 maximi
836 439 933 512 fecit,
955 443 987 500 st
1007 439 1038 498 in
1059 437 1251 500 difficillimis
1278 459 1371 516 quao-

153 541 316 601 stionibos
334 541 502 602 consuluit.
520 539 576 599 Ed.
587 539 891 618 praestantissimam
907 539 1033 600 curavit
1046 539 1370 602 VallensiusVeronae

149 659 201 700 an.
229 639 370 699 1734-49.
391 640 448 700 XI.
462 641 498 702 Τ.
519 640 551 700 in
573 638 629 700 iol.
654 657 796 700 recusam
816 642 848 700 et
868 638 907 700 ab
928 639 996 716 ipso
1016 639 1208 699 emendatam
1228 640 1369 701 Veronae

149 759 203 800 an.
229 739 369 799 1766-72.

210 839 242 898 8.
274 841 476 902 Gnunnurrus
503 840 592 900 Bnrx.
622 837 659 918 (l.
680 855 709 896 a.
730 833 814 914 387).
847 835 951 912 Ipsius
971 837 1101 896 exstant
1125 834 1290 895 Tractatus
1309 835 1366 907 213

150 938 257 997 decem
286 937 406 1015 priores
438 939 513 998 sunt
543 953 696 996 sermones
719 934 881 1012 paschales
909 934 1007 994 habiti
1036 932 1079 992 ccl
1103 931 1294 1012 Neophut0s5
1314 932 1369 994 alii

149 1037 286 1110 quatuor
307 1036 343 1095 dc
359 1034 484 1096 dicersr's
505 1035 659 1112 Capitulis
671 1033 842 1108 Evangelii
856 1038 968 1108 ayunt,
990 1031 1046 1092 alii
1065 1049 1136 1092 cero
1152 1031 1370 1107 (1111911111-

152 1133 191 1190 tis
214 1134 321 1194 varin
345 1133 454 1210 Stylus
480 1131 580 1211 ipsius
611 1131 737 1209 elegans
767 1134 829 1204 ost,
861 1129 966 1191 facilis
987 1132 1020 1190 et
1040 1147 1201 1200 amoenus,
1224 1129 1367 1198 doctrina

153 1247 230 1289 vero
249 1234 283 1290 et
303 1235 469 1308 praecepta
488 1229 662 1308 praeclara.
692 1229 748 1290 nd.
776 1231 841 1306 opt.
857 1231 907 1288 ent
926 1229 963 1290 P.
978 1226 1122 1290 Galeardi
1143 1245 1221 1304 quae
1243 1225 1369 1288 Patavii

152 1330 239 1406 prod.
260 1347 310 1388 an.
333 1329 420 1390 1729.
444 1329 476 1388 in
496 1331 541 1402 4.,
563 1345 675 1390 recusa
694 1329 775 1406 Aug.
798 1327 963 1390 vinnan.
989 1325 1065 1388 1757
1087 1325 1119 1386 in
1139 1326 1169 1389 4.

213 1427 354 1488 Runrnns
374 1427 558 1496 Aournnrnn.
579 1423 617 1508 ’(1.
639 1446 668 1487 a.
690 1423 773 1504 390).
796 1427 898 1510 Opera
917 1424 985 1486 aius
1006 1423 1192 1502 primigenia
1217 1426 1291 1484 sunt
1311 1422 1369 1483 Hi·

151 1527 265 1584 storiuc
286 1525 518 1586 Ecclesiasticus
538 1525 627 1585 Libri
646 1523 865 1585 duo-Historia
883 1524 1110 1584 Mcnuchorum
1138 1540 1192 1582 sou
1220 1522 1312 1599 hiber
1333 1521 1369 1580 de

150 1626 223 1684 citis
243 1625 378 1684 Petrum
399 1624 421 1682 i.
444 1641 471 1684 e.
495 1623 721 1684 Monachorum
740 1623 894 1700 Aegypti·
914 1621 951 1682 de
971 1619 1242 1682 Benedictiouibus
1264 1619 1372 1678 Putri-

152 1725 324 1783 archarum
344 1722 433 1800 Libri
452 1721 513 1780 duo
534 1754 551 1768 -
575 1722 823 1782 Commentarius
842 1722 877 1780 in
907 1720 1086 1799 Symbolum
1112 1718 1329 1795 Apostolorum
1351 1747 1367 1762 -

151 1853 168 1868 -
192 1822 348 1899 Apologia
362 1820 405 1880 acl
418 1821 528 1882 Anast.
544 1821 666 1896 Pontis.
690 1819 788 1880 Plura
803 1837 878 1879 vero
899 1835 993 1896 opera
1013 1835 1052 1877 ex
1073 1815 1183 1894 lingua
1204 1833 1317 1892 graece
1339 1814 1371 1872 in

155 1919 288 1980 latinam
307 1919 489 1990 transtulit,
511 1919 596 1978 inter
616 1936 694 1994 quae
716 1917 872 1977 recenseri
893 1916 983 1976 debet
1004 1913 1134 1974 Eusebii
1154 1911 1372 1974 Gaesareensis

155 2017 293 2078 historia
313 2017 346 2076 in
367 2017 479 2078 Libros
500 2033 612 2076 novem
645 2019 818 2090 contracta,
847 2015 880 2074 in
903 2031 965 2090 que
993 2012 1144 2072 vertenda
1164 2014 1255 2070 tanta
1276 2009 1372 2070 liber·

154 2120 221 2177 tate
242 2133 319 2176 usus
341 2118 404 2188 est,
420 2119 456 2176 ut
474 2133 590 2200 novum
604 2131 681 2192 opus
696 2114 760 2174 dici
780 2116 884 2189 queat.
907 2113 956 2172 Ex
970 2129 1006 2171 eo
1025 2111 1106 2186 quod
1125 2108 1263 2170 Rufinus
1287 2108 1372 2168 iusto

153 2215 226 2290 plus
249 2213 373 2274 faveret
392 2213 534 2290 Origeni,
556 2230 671 2291 graves
685 2211 901 2274 contentiones
913 2227 983 2270 eum
993 2211 1023 2270 S.
1039 2207 1236 2285 Hieronymo
1250 2206 1369 2266 habuit.

155 2312 212 2370 Ed.
233 2312 348 2388 optima
369 2330 447 2388 quae
468 2315 573 2372 tamon
595 2312 632 2372 ad
653 2309 746 2370 finem
767 2311 919 2388 perducta
939 2310 1072 2381 nonest,
1093 2305 1212 2384 prodiit
1231 2305 1372 2366 Veronae

155 2427 204 2468 an.
230 2409 315 2470 1745.
339 2409 362 2470 f.
386 2412 422 2471 T.
445 2412 470 2472 1.
494 2409 657 2470 continens
679 2411 774 2469 etium
794 2427 890 2488 opera
909 2409 1026 2486 spuria.

210 2509 241 2570 S.
264 2510 503 2572 Anrsrnocmus
523 2511 577 2570 Eo.
601 2510 687 2571 Ioou.
710 2507 748 2589 (l.
771 2527 799 2569 a.
819 2505 901 2587 391).
924 2509 1054 2584 Integra
1074 2505 1141 2565 sola
1169 2505 1277 2564 exstat
1299 2503 1367 2564 eins

151 2608 295 2686 Epistola
314 2607 481 2687 Synodion.
513 2609 643 2668 Caetera
673 2607 777 2666 omnia
796 2607 911 2667 dudum
936 2605 1167 2666 interciderunt
1188 2621 1224 2662 ac
1246 2601 1371 2662 nonnisi

149 2707 331 2786 fragmenta
361 2711 552 2785 supersunt,
584 2725 662 2783 quae
693 2710 816 2766 veteres
850 2705 940 2766 nobis
969 2705 1149 2764 servarunt.
1183 2703 1264 2763 Sunt
1296 2717 1371 2762 vero

149 2809 217 2868 eius
232 2824 328 2884 opera
348 2807 442 2867 dubia
464 2807 562 2866 lambi
582 2805 625 2864 uel
644 2805 806 2866 Seleucum
820 2808 852 2866 at
872 2804 1027 2866 Homiliue
1048 2801 1184 2878 aliquae,
1207 2819 1284 2878 quae
1304 2801 1372 2860 eius

148 2908 275 2968 nornine
296 2905 575 2966 circumferuntur.
1076 2915 1079 2926 “
1204 2927 1206 2933 ’

208 3009 351 3068 Drnnnns
369 3003 536 3084 Annx.‘(†.
559 3021 610 3064 an.
633 3004 710 3064 circ.
733 3003 793 3065 395
822 3000 975 3082 111399).
1007 3003 1149 3064 Plurima
1169 2999 1371 3061 elucubravit

153 3099 249 3182 operi
267 3123 306 3164 ex
327 3105 441 3180 quibus
462 3105 633 3180 supersunt
652 3103 740 3161 Libri
754 3105 787 3162 3.
811 3099 848 3162 dc
873 3102 1026 3161 Trinitate
1048 3133 1064 3146 -
1085 3101 1179 3160 Liber
1200 3099 1236 3158 cle
1250 3097 1372 3174 Spiritu

154 3203 266 3262 Sancto
286 3235 302 3249 -
322 3205 361 3264 L.
385 3202 531 3262 aduersus
550 3200 751 3260 Manichacus
771 3231 788 3246 -
809 3203 923 3260 Breues
943 3199 1158 3258 enarrationes
1177 3199 1212 3256 iu
1233 3195 1374 3273 epistolas

153 3303 323 3362 canonicas.
345 3303 450 3362 Multa
470 3298 648 3376 fragmenta
668 3298 879 3376 Eupositionis
899 3298 1036 3358 eiusdem
1056 3297 1089 3357 in
1109 3297 1190 3356 Acta
1212 3293 1374 3372 Apostolo-

151 3419 224 3460 rum
243 3420 282 3460 ex
302 3403 419 3462 Catone
440 3399 572 3476 quadarn
596 3405 747 3474 excerpts
768 3397 897 3476 collegit
917 3399 942 3460 1.
965 3398 998 3457 (l.
1021 3395 1113 3458 Wolf
1132 3395 1165 3454 in
1186 3394 1252 3454 suis
1273 3394 1373 3454 Aneo-

155 3501 237 3560 dotis
268 3499 403 3578 graecis.
432 3498 600 3574 Didymum
622 3500 690 3556 toto
722 3495 796 3556 orbe
824 3496 985 3556 doctrinae
1005 3495 1096 3555 lande
1128 3493 1321 3553 celebratum
1341 3495 1372 3550 ct

153 3599 280 3658 scholae
312 3597 522 3658 catechcticae
554 3595 587 3652 in
618 3595 695 3654 urbe
722 3596 937 3655 Alexandrina
965 3593 1173 3674 praelectum,
1208 3593 1239 3652 S.
1263 3587 1374 3652 Hiero·

154 3715 285 3775 nymus,
308 3695 442 3756 Rufinus
465 3695 581 3770 aliique
602 3694 715 3754 summi
735 3693 823 3754 illius
844 3695 959 3754 aetatis
989 3687 1065 3766 riri,
1096 3696 1254 3766 tamquam
1274 3687 1372 3764 magi·

162 3801 264 3858 strum
286 3797 428 3857 venerati
452 3798 536 3854 sunt.
561 3795 645 3854 Edit.
668 3796 772 3856 Solon.
796 3795 958 3855 Helmstad
980 3796 1012 3853 et
1031 3792 1064 3850 in
1085 3791 1167 3853 Bibl.
1189 3793 1251 3852 ΡΡ.

213 3899 245 3958 8.
271 3900 405 3959 Ioannes
425 3899 596 3959 Canusosn.
618 3894 705 3974 (1.1.
727 3893 810 3975 398).
842 3895 918 3954 Eius
949 3913 1042 3972 opera
1063 3896 1137 3953 sunt
1156 3891 1311 3951 Homiliue
1331 3890 1373 3948 67

159 3997 194 4054 in
217 3996 360 4056 Genesim
380 3995 580 4056 -Sermones
612 3996 645 4053 8.
677 3997 711 4053 in
743 3995 894 4056 Genesim.
918 4027 934 4040 -
954 3995 1116 4054 Sermones
1128 3993 1160 4052 5.
1182 3991 1219 4052 cle
1239 3993 1334 4051 Anna
1354 4019 1371 4032 -

152 4094 353 4171 Homiliaess.
377 4093 413 4154 de
428 4095 545 4154 Decide
565 4101 595 4154 et
613 4094 709 4153 Saule
730 4127 747 4138 -
770 4095 1051 4171 Eupositiouesseu
1063 4091 1218 4152 Homiliue
1232 4091 1266 4148 iu
1286 4087 1374 4146 Psal-
1407 4138 1409 4142 ,
1435 4073 1437 4077 ’

154 4211 220 4252 mos
239 4195 363 4254 circiter
384 4193 440 4252 60.
465 4225 481 4240 -
503 4193 659 4253 Homiliue
679 4194 712 4251 in
734 4193 814 4252 illud
833 4195 1010 4271 Prophetae
1029 4191 1176 4252 noctu«
1197 4190 1243 4250 Ne
1263 4187 1375 4246 timue-

152 4293 200 4350 ris
223 4310 294 4352 cum
315 4293 403 4352 divas
418 4291 523 4352 iactus
538 4291 638 4360 fueris
659 4295 718 4350 etc.
745 4323 758 4347 n
783 4292 856 4352 Alie
870 4294 903 4351 in
924 4291 1066 4353 eumdem
1087 4292 1185 4350 locum
1200 4287 1236 4345 cle
1251 4285 1374 4346 eleemo-

150 4408 232 4468 syna
266 4423 283 4436 -
307 4389 447 4450 Humilia
478 4393 512 4450 in
539 4407 693 4466 magnum
723 4389 949 4450 hebdomadam
978 4397 1008 4450 et
1036 4391 1070 4448 in
1097 4387 1189 4447 illud.
1220 4404 1237 4440 1
1267 4382 1375 4442 Lauda

153 4488 257 4548 anima
287 4507 356 4548 mea
386 4491 452 4548 eto.
486 4521 499 4545 a
524 4521 541 4534 -
567 4488 722 4548 Homiliue
750 4489 780 4548 2.
801 4489 839 4549 cte
872 4489 1116 4566 Prophetiurum
1145 4482 1326 4544 obscuritate
1355 4511 1372 4526 ·

151 4588 417 4662 'Commentarius
435 4587 635 4664 imperfectus
652 4588 687 4647 in
705 4582 822 4647 isaiam
842 4620 860 4634 -
880 4587 1035 4648 Homiliue
1054 4585 1086 4644 6.
1108 4584 1143 4642 in
1162 4579 1241 4640 illud
1262 4600 1279 4636 1
1299 4576 1373 4642 Vidi
