3466 5362
675 324 835 386 ..27-

318 422 499 488 anenno
521 389 593 488 nr.

141 589 252 662 Russi,
273 587 422 648 Saxones.

141 669 290 733 Holsatia
310 685 366 746 per
388 667 419 727 S.
441 665 662 728 Anacharium.

141 748 412 813 Dani-Sueci-et
432 745 591 810 Germani.

142 834 247 894 Canus
257 828 464 889 etTribellius
475 829 604 906 Bulgar.
613 829 725 905 Reges.

142 911 294 974 Hundeus
314 910 566 971 Normannorum
587 909 667 968 Rex.

144 988 682 1069 Hungaria-sclavonia-Moravia.

143 1071 299 1152 Bulgaria
318 1088 374 1148 per
395 1072 425 1132 S.
448 1070 574 1131 Nicolai
594 1069 704 1146 Legat.

326 1229 508 1292 SAEOULO
529 1230 570 1290 X.
696 1275 698 1282 .

148 1390 420 1456 Dania-Bohemia
440 1393 473 1451 et
492 1391 633 1452 Polonia.

145 1474 306 1536 Rolandus
327 1475 398 1533 Dux
419 1471 568 1532 Norman.

147 1553 278 1614 Polonia
297 1556 330 1612 et
349 1551 532 1612 Miecislaus
553 1553 632 1614 Rex.

146 1633 306 1696 Haroldus
329 1634 407 1693 Dan.
430 1633 498 1693 Rex
528 1650 598 1692 cum
625 1627 732 1692 Uxore

76 1722 81 1731 '
207 1717 239 1774 et
260 1713 321 1772 Fil.

147 1793 313 1872 Huugaria
333 1795 365 1853 et
386 1793 554 1854 Sclavenia
575 1790 720 1868 amplius.

147 1871 749 1936 MoschoviaetVladimirusMoschov.

148 1957 231 2016 Rex.

148 2032 257 2114 Rugii.

323 2194 504 2256 SAEGULO
525 2194 582 2254 XI.

53 2417 57 2425 ,
152 2355 252 2418 Russi
273 2357 305 2415 et
325 2354 472 2415 Livones.

152 2437 252 2498 Thule
272 2435 487 2495 seu·Islandia
507 2434 545 2494 ab
566 2432 652 2494 Olao.

150 2517 376 2594 Transylvani.

150 2598 274 2670 Suesia,
296 2600 330 2656 et
348 2594 520 2672 Norvegia.
566 2645 568 2651 .

150 2677 347 2740 Pomerania.

151 2759 286 2821 Borussi
307 2757 382 2832 aliq.

150 2838 296 2918 Hungari
319 2854 389 2896 eum
409 2836 507 2914 Rege.

311 2995 494 3059 SAEOULO
521 2997 594 3057 XII.
659 3001 664 3013 '

153 3159 290 3221 Livonia
310 3176 381 3218 eum
402 3158 488 3236 Rege
509 3157 621 3218 Gabba.

156 3238 254 3299 Gothi
274 3242 305 3297 et
324 3238 459 3316 Magmis
480 3255 588 3298 eorum
608 3238 688 3298 Rex.

154 3321 337 3380 Pomerania
357 3319 524 3380 Universa.

153 3401 321 3460 Finlandia
341 3418 397 3476 per
418 3401 448 3460 S.
471 3399 643 3460 Henricum
665 3397 699 3456 E.

152 3482 182 3542 N
186 3481 317 3558 orvegia
337 3481 504 3540 Universa.

153 3561 302 3622 Curiandi
322 3563 355 3620 et
375 3561 531 3628 Livones

312 3719 494 3782 SAEOULO
515 3719 616 3788 XIII.¹

154 3885 267 3943 Petrus
289 3883 464 3942 Russorum
484 3883 567 3942 Dux.

154 3962 335 4023 Lithuania.
400 4003 401 4008 κ
456 4008 458 4013 .

155 4043 312 4104 Universa
330 4042 465 4103 Livonia
485 4045 517 4103 et
539 4043 700 4103 Borussia.

154 4123 313 4182 Oassahan
335 4125 497 4184 Tartaron.
520 4123 701 4200 imperator.

154 4204 266 4263 Plures
286 4205 492 4263 Tartarorum
513 4206 626 4264 Duces.

155 4283 270 4342 Graeci
292 4302 361 4342 curn
383 4282 526 4343 Ecclesia
546 4285 694 4343 reconcil.

155 4365 185 4424 S.
200 4363 401 4441 Hyacinthus
416 4365 448 4422 in
464 4363 583 4441 region.
600 4366 735 4442 Septem.

254 4444 407 4520 predicat.

790 498 793 504 ,
919 422 1100 488 sereneo
1121 424 1208 488 xiv.

704 593 706 600 '
782 585 908 646 Bosnia.

783 663 943 727 Cumania.

709 789 711 796 ,
782 746 898 826 lagello
913 745 1101 808 Lithuaniae
1116 746 1184 808 Rex
1200 763 1270 807 cum
1285 745 1361 806 trib.

840 827 948 887 Fratr.

784 909 974 984 Samogetae.

782 987 950 1050 Auentinae
972 985 1067 1046 Ture.
1092 987 1205 1065 Impar.
1269 1019 1273 1030 ·

784 1068 909 1130 Insulae
929 1068 1132 1128 Fortunatae.

923 1227 1105 1289 SXEOULO
1135 1227 1206 1290 XV.

785 1388 917 1467 Angeia.

785 1470 883 1548 Congi
898 1470 1056 1550 Regnum.

717 1559 719 1564 '
785 1549 915 1612 Guinea.

786 1631 898 1690 Graeci
919 1629 957 1691 ad
978 1629 1151 1690 Ecclesiam
1172 1630 1315 1689 redeunt.

786 1710 893 1771 Iudaei
914 1714 947 1770 et
966 1711 1072 1771 Mauri
1094 1709 1126 1768 in
1145 1708 1278 1788 Hispan.

786 1791 915 1853 Armeni
936 1810 1006 1850 cum
1027 1789 1171 1854 Ecclesia
1191 1787 1339 1849 reconcil.
1401 1791 1402 1800 ’

786 1875 863 1934 Zera
884 1873 947 1931 Iac.
971 1873 1007 1932 E.
1029 1869 1178 1948 Abyssin.
1208 1869 1293 1930 Eeel.
1321 1886 1369 1928 re-

848 1951 960 2014 concil.

926 2110 1108 2173 SAEOULO
1127 2112 1212 2175 XVI.

787 2275 932 2336 Ameriae
959 2273 1071 2334 Merid.

788 2355 889 2418 David
923 2353 1117 2432 Aethyopiae
1151 2354 1265 2429 Impar.
1300 2367 1371 2410 eum

848 2434 934 2495 Eccl.
958 2433 1104 2494 reconcil.
1344 2497 1345 2502 η

788 2517 825 2576 In
847 2515 1072 2592 Sina-lapenia
1092 2517 1125 2574 et
1144 2511 1265 2573 Africa.

788 2597 900 2656 Plures
922 2595 1046 2656 Insulae
1067 2595 1184 2654 Indiar.
1207 2590 1313 2653 Occid.

788 2677 942 2754 Meliapor
961 2677 994 2736 et
1014 2675 1088 2736 Goa.

788 2759 901 2819 Plures
923 2777 939 2817 e
960 2757 1076 2817 Gener.
1099 2756 1195 2832 Pago.

787 2837 915 2916 Iaponia
939 2840 971 2897 et
998 2837 1104 2914 plures
1132 2834 1294 2896 Indiarum
1322 2835 1373 2895 In-

725 3007 728 3011 '
789 2919 907 3059 {Vicini
927 3001 960 3058 et
981 2996 1085 3074 Bungi
1106 2971 1219 3073 Reges.
1273 3000 1276 3006 '

792 3080 947 3140 Sinenses.

804 3226 805 3230 ‘
919 3236 1099 3298 sancero
1121 3235 1222 3297 nvn.

790 3401 939 3461 Siamum.

790 3481 907 3558 Indiar.
930 3477 1035 3540 Occid.
1059 3477 1202 3554 amplior.
1225 3491 1310 3552 para.
1385 3502 1387 3506 ·

791 3562 984 3622 Canadenses
1005 3561 1037 3617 et
1056 3559 1161 3618 Amen.
1185 3557 1351 3632 Septemtr.
1400 3563 1412 3592 ‘-

791 3643 903 3702 Plures
925 3640 958 3698 in
978 3638 1135 3698 Ameriea.
1163 3681 1165 3686 -

792 3720 941 3783 Brasilia.

792 3805 860 3862 Rex
882 3801 1006 3861 Sierrae
1027 3798 1153 3859 Lionae.

792 3881 999 3958 Paraquaria.

792 3962 944 4040 Evangel.
955 3961 1049 4020 inter.
1059 3959 1204 4020 Sirenses
1219 3955 1313 4032 ampl.
1330 3955 1375 4014 di·
1466 4000 1468 4006 .

851 4043 944 4102 latat.

793 4123 915 4182 Tibeth.

881 4323 883 4326 -
910 4280 1090 4342 SAEGULO
1111 4279 1229 4341 XVIII.

791 4441 940 4504 Brasilia.

793 4523 937 4583 Sirenses
958 4521 1033 4597 aIIq.

792 4603 875 4680 Aliq.
899 4605 1004 4681 partes
1026 4598 1176 4663 Orientis.
