3444 5358
390 422 472 477 nem,
488 403 625 464 divisum
647 405 770 483 pariter
790 404 822 463 in
843 404 956 465 titulos
978 406 1029 478 50,
1045 423 1082 465 ac
1102 423 1158 483 per
1178 404 1328 466 materias
1343 405 1544 478 distinctum,
1559 405 1609 466 cui

388 503 506 563 adiecit
526 503 611 580 leges
632 504 762 563 eductas
793 502 993 579 potissimum
1014 521 1053 562 ex
1075 504 1187 564 codice
1210 506 1243 563 et
1262 499 1414 564 Novellis¹
1429 503 1610 564 Iustiniani.

445 603 499 664 IV.
521 601 616 661 Aliud
646 600 776 660 exstitit
804 600 898 660 huius
928 600 1094 660 orientalis
1125 601 1244 660 codicis
1274 601 1503 660 incrementum
1525 619 1610 660 anno

385 699 445 761 692
466 717 521 776 per
543 699 701 776 Synodum
733 697 929 770 Trallianam,
953 699 999 758 sic
1028 698 1228 776 appellatam,
1250 700 1332 774 quod
1360 698 1469 758 habita
1490 696 1555 757 fnit
1578 699 1610 756 in

390 797 496 856 italio
517 795 627 874 palatii
649 795 1006 874 constantinopolitani.
1024 796 1151 856 Dicitur
1171 814 1292 872 quoque
1310 794 1612 871 coaeternaeque
1705 840 1706 868 ,

386 892 533 970 Episcopi
555 892 587 952 in
609 912 645 952 ea
665 893 862 971 congregati,
886 893 1031 970 plurimis
1051 893 1146 952 editis
1168 893 1353 970 disciplinae
1367 894 1500 952 tuendae
1516 910 1612 953 causa
1705 877 1706 956 i

385 989 570 1060 canonibus,
593 991 789 1067 supplevisse
819 994 1011 1050 censuerunt
1033 991 1076 1063 id,
1098 991 1181 1066 quod
1200 991 1229 1050 V
1249 993 1282 1049 et
1302 991 1347 1050 VI
1362 990 1499 1068 Synodis
1522 1009 1614 1066 gene-
1705 975 1706 978 ¹

386 1087 507 1146 ralibus
528 1085 800 1164 Constantinopoli
828 1089 949 1148 coactis
978 1089 1096 1160 deerat3
1120 1088 1152 1146 in
1175 1088 1302 1164 quibus,
1325 1088 1483 1150 damnatis
1504 1105 1612 1146 eorum

387 1189 562 1261 temporum
584 1186 760 1258 erroribus,
783 1185 859 1244 fides
881 1185 1069 1245 confirmata
1089 1185 1165 1256 fuit,
1188 1186 1241 1244 sed
1262 1186 1343 1244 nulli
1364 1185 1443 1247 editi
1465 1202 1612 1246 canones.

386 1283 471 1341 Haec
493 1285 597 1342 autern
620 1283 776 1360 Synodus,
799 1301 892 1358 quam
913 1287 946 1342 et
966 1289 1087 1342 sentam
1103 1283 1246 1342 absolute
1262 1283 1374 1343 Graeci
1391 1301 1613 1360 saepenumero

386 1383 514 1451 vocant,
536 1380 661 1439 Latinis
682 1380 933 1440 conciliabulum
961 1385 1023 1452 est,
1040 1380 1115 1456 quia
1144 1380 1211 1438 sine
1233 1380 1354 1439 Summi
1376 1379 1545 1440 Pontificis
1568 1379 1614 1438 in·

386 1479 534 1535 terventu
556 1476 666 1536 habita
686 1476 762 1549 fuit,
785 1480 817 1536 et
837 1477 941 1536 aliena
962 1477 1131 1537 constituit
1145 1478 1334 1537 aRomanae
1355 1477 1518 1538 Ecclesiae
1540 1494 1612 1536 usu.

386 1573 491 1649 Igitur
520 1574 552 1632 in
583 1593 619 1633 ea
651 1575 719 1633 eius
748 1577 871 1635 tantum
897 1593 1031 1634 canones
1061 1575 1180 1652 recepti
1206 1581 1292 1648 sunt,
1313 1577 1367 1650 qui
1393 1574 1613 1652 superioribus

386 1671 536 1730 Consiliis
570 1677 603 1732 et
623 1672 765 1748 probetis
794 1672 1074 1732 consuetudinibus
1103 1691 1165 1731 nou
1193 1673 1417 1744 adversantur,
1440 1677 1477 1736 ut
1505 1677 1615 1748 postea

385 1769 577 1829 Humbertus
599 1771 690 1829 Oard.
715 1770 888 1846 Episcopus
925 1769 1031 1829 Silvae
1052 1767 1218 1844 Candidas,
1241 1770 1355 1830 Leonis
1377 1771 1423 1831 IX
1458 1771 1613 1846 Legatus,

386 1867 467 1942 apud
498 1869 634 1928 Graecos
666 1872 715 1927 est
747 1871 958 1927 contestatus,
981 1899 998 1912 -
1020 1869 1164 1928 Fuerunt
1184 1885 1305 1943 quoque
1337 1869 1369 1926 in
1391 1868 1509 1928 honore
1530 1869 1613 1944 apud

385 1965 521 2026 Graecos
543 1966 623 2026 aliae
645 1966 859 2037 collectiones,
881 1966 1052 2042 dequibus
1074 1965 1265 2042 singillatim
1286 1965 1373 2042 loqui
1386 1965 1516 2044 longum
1538 1983 1609 2042 pro·

386 2059 471 2121 fecto
491 2068 587 2134 esset,
610 2082 665 2122 nec
687 2063 910 2123 necessarium.

446 2161 485 2221 V.
507 2161 669 2238 Agendum
690 2181 773 2221 nunc
794 2163 830 2220 de
851 2160 1092 2221 collectionibus
1114 2180 1193 2238 quae
1215 2163 1247 2220 in
1268 2162 1383 2222 Latina
1398 2161 1544 2222 Ecclesia
1568 2161 1615 2221 vi-

387 2275 493 2335 guere.
517 2259 588 2318 Etsi
609 2259 691 2319 enim
712 2277 820 2319 earum
842 2277 918 2318 usus
940 2259 973 2317 in
996 2259 1139 2318 Ecclesia
1159 2261 1280 2320 Graeca
1300 2258 1434 2336 primum
1457 2260 1611 2336 coeperit,

387 2360 490 2415 tamen
512 2359 549 2418 ad
564 2358 709 2417 Latinam
727 2374 848 2432 quoque
862 2357 1016 2429 manavit,
1033 2359 1086 2416 sed
1099 2356 1200 2419 multo
1215 2357 1330 2416 serius.
1353 2358 1435 2416 Ante
1458 2357 1612 2433 siquidem

386 2455 558 2516 Nicaenam
579 2457 737 2533 Synodum
752 2455 896 2514 Ecclesia
909 2457 1051 2515 Romana
1070 2454 1116 2535 (et
1131 2474 1202 2514 cum
1223 2474 1260 2515 ea
1280 2455 1421 2531 reliquus
1444 2453 1612 2534 Occidens)

387 2571 448 2612 non
471 2555 542 2613 aliis
565 2555 692 2618 videtur
713 2553 898 2630 disciplinae
927 2553 1046 2630 regulis
1078 2571 1148 2626 usa,
1178 2572 1269 2630 quam
1298 2555 1405 2620 Sacris
1437 2553 1612 2630 scripturis

387 2670 422 2710 ac
445 2651 641 2724 Traditione,
657 2652 703 2712 ita
720 2655 760 2710 ut
781 2651 920 2709 moribus
943 2650 1048 2727 potius
1068 2656 1100 2710 et
1122 2651 1359 2724 consuetudine,
1382 2669 1474 2727 quam
1497 2651 1614 2710 consti-

363 2742 467 2808 ¹tutis
489 2748 660 2808 canonibus
682 2748 840 2825 plerisque
860 2749 894 2807 in
917 2748 1009 2807 rebus
1033 2756 1208 2826 regeretur.
1231 2751 1349 2810 Verum
1370 2749 1433 2809 iam
1454 2748 1612 2808 celebrato

386 2848 526 2908 Nicaeno
546 2847 699 2920 Concilio,
715 2847 782 2906 eius
804 2865 938 2907 canones
959 2847 1121 2907 latinitate
1135 2849 1242 2908 donati
1257 2852 1351 2924 atque
1371 2865 1433 2908 una
1454 2865 1526 2906 cnm
1542 2849 1613 2908 Sar·

387 2946 567 3006 dicensibus
588 2951 744 3024 perpetua
759 2945 840 3006 serie
862 2946 919 3005 sub
941 2946 1008 3006 solo
1027 2946 1162 3008 Nicaeni
1182 2946 1315 3007 Concilii
1337 2946 1460 3006 nomine
1481 2945 1611 3023 digesti,

387 3063 549 3106 romanum
569 3045 707 3105 codicem
729 3062 940 3122 composuere.
1587 3092 1590 3097 .

384 3175 387 3182 ·
446 3145 502 3204 VI,
523 3144 640 3204 Variae
661 3147 765 3204 antem
788 3160 886 3202 cursu
907 3147 1084 3220 temporum
1106 3141 1284 3202 elaboratae
1306 3146 1382 3202 sunt
1395 3141 1612 3212 collectiones,

394 3259 472 3316 qnas
494 3241 578 3302 inter
599 3242 732 3302 celebris
755 3245 804 3300 est
822 3241 1027 3319 Dionysiana,
1049 3241 1095 3300 ita
1123 3240 1209 3300 dicta
1236 3241 1275 3301 ab
1303 3241 1370 3300 eius
1399 3239 1541 3300 auctoris
1562 3258 1615 3299 no·

391 3339 474 3396 mine
496 3341 649 3417 Dionysio.
674 3342 743 3416 Ipse
764 3356 841 3398 vero
861 3339 982 3415 primus
1003 3357 1065 3397 non
1086 3336 1162 3412 fuit,
1185 3348 1221 3399 ut
1241 3339 1341 3415 aliqui
1370 3342 1537 3416 putarunt,
1559 3338 1613 3414 qui

390 3453 543 3495 canonum
565 3437 864 3496 Ecclesiasticorum
886 3439 1005 3495 novum'
1024 3437 1162 3496 codicem
1191 3437 1378 3510 absolverit,
1400 3439 1452 3498 sed
1477 3437 1611 3514 primus,

390 3533 444 3608 qui
465 3553 590 3607 novam,
614 3536 785 3595 fideliorem
805 3539 837 3594 et
857 3534 1081 3594 ordinatiorem
1096 3535 1240 3594 instituit
1253 3553 1408 3594 canonum
1422 3536 1612 3596 Graecorum

391 3631 618 3692 collectionem.
640 3635 723 3695 Ante
744 3635 847 3710 ipsum
868 3633 950 3692 enim
971 3633 1048 3692 duae
1077 3626 1263 3710 praesertim
1290 3632 1444 3693 extabant
1464 3633 1612 3709 antiquae

390 3734 551 3793 versiones
566 3752 718 3794 canonum
733 3733 834 3794 totius
850 3733 962 3794 Graeci
976 3733 1104 3792 codicis:
1121 3728 1612 3808 una,quaeIsidor'1ma,altera‚

389 3850 468 3908 quae
489 3835 600 3892 Prisca
621 3836 810 3912 appellatur,
833 3834 869 3892 de
883 3851 945 3908 qua
960 3833 1046 3908 loqui
1060 3833 1246 3910 Dionysium
1258 3830 1384 3890 eruitur
1398 3849 1468 3890 cum
1484 3829 1611 3901 scribit,

391 3947 423 3989 se
444 3931 621 4007 confusione
638 3932 760 4008 priscae
782 3931 995 3990 translationis
1014 3933 1172 4009 offensum,
1188 3931 1225 3990 ad
1241 3947 1355 3990 novam
1371 3946 1523 3988 canonum
1544 3945 1615 3988 ver·

391 4028 508 4088 sionem
524 4031 678 4090 adactum.
694 4031 771 4090 Eius
787 4030 933 4090 collectio
947 4031 1023 4090 duas
1038 4030 1133 4090 habet
1154 4033 1271 4106 partes:
1288 4029 1389 4088 altera
1399 4027 1613 4088 Consiliorum

384 4145 524 4188 ¹canones
545 4128 779 4204 complectitur,
802 4129 904 4188 altera
923 4129 1120 4188 Summarum
1141 4127 1332 4188 Pontificum
1353 4127 1504 4204 epistolas
1525 4127 1615 4185 exhi-

389 4227 454 4300 bet,
467 4227 593 4287 diverso
603 4230 741 4303 tempore
756 4231 888 4302 utraque
903 4226 935 4284 in
947 4227 1049 4286 lucem
1060 4227 1154 4287 edita.
1171 4227 1330 4286 Oanonum
1341 4225 1499 4298 collectio,
1512 4225 1613 4302 prima

391 4324 536 4402 Dionysii
549 4325 735 4398 elaboratio,
758 4325 815 4385 sub
830 4343 892 4385 una
907 4342 1107 4386 numerorum
1122 4325 1203 4385 serie
1223 4344 1242 4385 a
1262 4325 1363 4402 primo
1377 4325 1480 4402 capite
1501 4325 1614 4387 Nicae-

389 4439 447 4482 nae
461 4423 579 4501 Synodi
593 4423 720 4484 deducit
732 4424 771 4483 ad
791 4422 1156 4500 Constantinopolitanae
1170 4424 1185 4484 I
1200 4439 1349 4484 canonem
1370 4423 1512 4483 tertium.
1528 4424 1611 4484 Hinc

389 4521 623 4594 praetermissis
644 4520 778 4582 Concilii
802 4520 953 4598 Ephesini
976 4521 1147 4582 canonibus
1172 4522 1437 4584 chalcedonenses
1467 4521 1614 4601 adiungit
