3444 5358
622 351 664 368 -
685 319 742 381 157
761 351 803 366 -

161 415 306 476 Labente
329 416 387 478 hoc
409 417 534 478 sacculo
555 421 682 495 praeter
703 420 814 477 auctas
836 417 1045 478 Pietistarum
1066 419 1170 476 sectas
1192 415 1244 495 (ad
1259 435 1334 493 quo·

105 531 169 570 rum
201 513 342 574 classem
363 517 459 576 etiam
489 513 741 574 Zinzendorfiaui
761 514 800 574 ab
821 519 964 586 auctore,
988 515 1037 574 vel
1058 514 1292 574 Herrnhuttani
1314 533 1333 576 a

102 610 166 668 loco
198 611 296 683 dicti,
330 613 446 674 referri
476 610 622 690 possunt)
653 612 863 690 poenitentiae
894 613 1016 672 hostem
1046 629 1078 671 se
1100 609 1261 688 professus
1283 617 1333 672 est

100 708 286 769 Eridericus
311 709 524 784 Leenhofflus3
558 710 773 770 Arianismum
805 710 904 770 tutati
926 713 1004 769 sunt
1024 709 1217 770 Wilhelmus
1240 709 1333 770 Whi-

100 810 209 866 stonus
231 813 268 868 et
291 809 415 870 Samuel
437 808 598 882 Clarkius3
621 807 882 868 Libertiuismum
905 805 1041 884 professi
1063 811 1139 866 sunt
1160 807 1331 866 Tollendus

98 907 128 961 et
148 905 311 980 Collinus3
343 907 475 982 denique
509 904 788 966 Manichaeismum
811 907 927 965 Petrus
952 903 1092 975 Baelius,
1115 904 1232 980 aliique
1253 904 1331 964 alios

98 1018 222 1060 errores
246 1008 456 1063 renovarunt.

157 1098 277 1160 Liesru
302 1101 444 1163 Mannum
466 1098 509 1180 (a.
533 1097 634 1177 1725).
658 1102 746 1160 Inter
778 1118 884 1160 omnes
900 1101 1003 1159 sectas
1025 1098 1159 1160 maxime
1180 1097 1333 1176 pestifera

98 1197 134 1254 ad
154 1197 203 1255 rei
226 1201 300 1256 tum
322 1215 431 1258 sacrae
452 1201 517 1257 tum
541 1197 684 1275 publicae
705 1197 840 1257 exitium
854 1197 995 1257 emersit
1020 1197 1085 1274 Ipsi
1100 1195 1233 1256 nefando
1248 1197 1334 1255 inter
1390 1257 1392 1262 ,

99 1311 129 1352 se
150 1293 283 1356 foedere
314 1295 476 1356 coniuncti
506 1295 763 1372 inviolabilisque
785 1295 993 1356 iurisiurandi
1017 1294 1147 1354 vinculo
1167 1294 1330 1366 obstricti,

98 1392 218 1453 reiecta
250 1395 338 1452 omni
370 1394 606 1470 supernaturali
637 1394 790 1471 religione
821 1397 853 1452 et
873 1411 1008 1452 excusso
1033 1392 1257 1468 cuiuscumque
1279 1410 1334 1450 au-

99 1491 267 1550 ctoritatis
290 1492 377 1568 iugc,
400 1493 512 1551 nedum
534 1491 693 1550 Ecclesiae
715 1493 769 1550 sed
790 1497 822 1550 et
843 1490 933 1550 civili
963 1490 1109 1550 societati
1138 1490 1327 1550 acerrimum

98 1586 231 1661 bellum,
257 1607 313 1648 seu
336 1590 437 1665 palam
460 1607 515 1648 seu
547 1589 753 1661 clandestine,
777 1589 914 1648 indicere
941 1589 1088 1665 aggressi
1110 1593 1194 1647 sunt.
1215 1589 1334 1648 Huius·

99 1687 182 1745 modi
205 1689 394 1752 societates,
416 1705 611 1763 quocumque
631 1686 754 1746 nomine
777 1690 978 1756 censeantur,
997 1703 1015 1744 a
1035 1685 1105 1744 RR.
1121 1685 1332 1744 Pontificibus

99 1783 307 1844 anathemate
331 1785 495 1862 perculsae
518 1789 603 1843 sunt.
626 1783 783 1864 (Genusus
803 1783 875 1844 XII.
906 1785 1013 1842 Cenat.
1035 1781 1073 1840 ln
1094 1782 1251 1840 eminenti:
1275 1784 1335 1842 Bu-

98 1897 168 1940 unn.
200 1883 294 1942 XIV.
328 1884 435 1942 const.
464 1881 626 1941 Pmoidas:
663 1881 737 1942 Pius
765 1881 835 1941 Vll.
868 1881 977 1939 Goust.
1011 1879 1183 1939 Ecclesiam
1215 1896 1236 1937 a
1266 1879 1334 1938 lesa

100 1977 236 2040 Christo:
261 1983 327 2042 Lao
348 1981 421 2041 XII.
444 1981 550 2040 Consi.
585 1980 649 2044 Quo
670 1979 830 2054 praviore:
854 1980 931 2040 Pius
952 1978 1009 2038 IX.
1027 1977 1158 2054 Encycl.
1185 1977 1244 2041 Qui
1262 1975 1335 2054 pin-

98 2075 184 2134 ridns
206 2082 247 2138 ut
268 2078 349 2137 alios
370 2074 579 2155 omittamus).

159 2176 315 2237 Dmsran.
339 2177 442 2237 Unum
464 2174 535 2234 fidei
557 2191 633 2233 suae
662 2174 834 2234 articulum
857 2174 894 2232 de
923 2192 984 2233 uuo
1005 2173 1069 2232 Deo
1091 2190 1148 2250 pro
1169 2173 1261 2233 libito
1283 2191 1334 2232 co-

100 2269 192 2331 lendo
214 2279 250 2334 et
271 2274 427 2334 adorando
449 2271 597 2351 professi,
621 2271 753 2348 reliquis
775 2272 826 2332 vel
847 2271 1036 2348 contemptis
1058 2271 1110 2330 vel
1131 2271 1164 2329 in
1193 2270 1332 2330 ordinem

103 2369 350 2447 adiaphororum
369 2371 530 2448 relegatis.
1151 2425 1153 2430 .

161 2470 425 2531 Narunmmrnu.
457 2469 510 2529 Sic
541 2468 619 2527 dicti
640 2468 721 2544 quod
751 2485 845 2528 uuam
867 2471 1013 2527 naturam
1036 2467 1087 2526 vel
1110 2467 1264 2528 rationem
1288 2484 1335 2526 se-

103 2571 258 2640 quentur,
280 2567 486 2628 revelationis
507 2566 641 2640 inimici,
665 2566 848 2644 religionem
879 2565 1014 2624 arbitrio
1035 2568 1067 2624 et
1089 2566 1180 2642 genio
1202 2583 1259 2624 suo
1280 2585 1333 2626 ae·

106 2667 337 2726 commodatam
357 2665 536 2736 efformem,
552 2681 589 2723 ac
605 2664 731 2723 heroico
752 2665 876 2723 nomine
891 2660 1005 2724 Fortes
1021 2663 1161 2741 Spiritus
1177 2682 1246 2722 cum
1263 2663 1335 2723 Dei·
1444 2718 1447 2724 ,

105 2763 163 2822 stis
185 2769 220 2825 et
242 2763 502 2824 Indifferentistis
524 2762 588 2822 dici
609 2763 669 2821 iam
695 2767 813 2821 amant.

164 2863 364 2924 Fssuoumm
385 2857 754 2942 (nummicolam
775 2861 946 2922 Hontheim
968 2861 1025 2937 Ep.
1049 2859 1288 2937 Myriophitauo
1303 2862 1336 2918 et

105 2959 348 3038 Archiepiscopi
370 2960 528 3019 Electoris
549 2959 751 3018 Trevirensis
772 2959 958 3018 coadiutore
972 2959 1087 3032 exorti,
1117 2958 1172 3034 qui
1192 2957 1337 3019 Janscni·

106 3059 231 3118 starum
253 3063 286 3118 et
306 3057 561 3118 Richeristarum
594 3055 748 3116 doctrinis
779 3056 932 3130 imbutus,
956 3056 1013 3114 sub
1036 3055 1111 3116 licto
1131 3055 1255 3114 nomine
1282 3056 1335 3114 Iu-

106 3155 183 3214 stini
206 3155 356 3216 Febronii
377 3156 493 3216 librum
515 3156 547 3214 in
568 3155 669 3214 lucem
689 3153 787 3213 edidit
802 3155 853 3213 cui
873 3154 989 3214 titulus
1004 3173 1020 3209 a
1037 3155 1073 3214 de
1094 3153 1254 3230 praesenti
1277 3153 1336 3213 Ec·

106 3251 223 3314 clesiae
235 3258 323 3314 statu
335 3258 367 3314 et
378 3253 521 3331 legitima
531 3253 665 3312 Romani
679 3251 846 3312 Pontificis
861 3255 1019 3328 potestate
1034 3251 1115 3310 liber
1130 3250 1333 3328 singularis»

107 3347 225 3411 Eorum
246 3352 410 3429 praecipui
425 3369 548 3410 errores
570 3355 654 3410 suut:
677 3353 866 3428 potestatem
887 3349 1025 3410 clavium
1047 3367 1065 3409 a
1086 3347 1215 3410 Christo
1235 3349 1335 3410 fuisse

107 3448 254 3510 collatam
278 3451 335 3510 toti
360 3449 530 3509 Ecclesiae:
554 3449 689 3526 aliquem
712 3451 880 3527 primatum
902 3450 934 3508 in
956 3449 1099 3509 Ecclesia
1120 3449 1331 3508 necessarlum

106 3561 174 3606 esse
196 3551 337 3608 attamen
358 3549 439 3624 quod
460 3548 618 3608 Romanae
641 3548 802 3608 Ecclesiae
822 3547 896 3608 Sedi
916 3547 1016 3606 fuerit
1037 3545 1150 3607 affixus
1171 3547 1202 3606 id
1222 3547 1261 3605 ab
1276 3547 1335 3605 Ee·

107 3642 223 3706 clasiae
255 3645 386 3721 placito,
417 3664 479 3704 non
508 3665 527 3704 a
559 3646 668 3704 divino
697 3647 770 3724 jure
800 3664 869 3705 esse
898 3646 1109 3723 repetendum:
1133 3648 1279 3703 naturam
1301 3647 1335 3702 et

107 3738 345 3802 fundamentum
374 3744 469 3802 huius
500 3743 662 3803 Primatus
693 3744 725 3802 in
755 3763 792 3803 ea
822 3761 856 3802 re
885 3761 953 3802 esse
978 3746 1137 3814 statuunt,
1163 3735 1333 3809 ut‘unitas

109 3845 270 3917 servetur,
294 3843 374 3901 unde
396 3842 553 3901 deducunt
588 3841 758 3917 primatum
780 3845 866 3900 recte
897 3840 1050 3918 appellari
1071 3838 1240 3916 primatum
1262 3858 1333 3899 con·

108 3939 314 4012 sociatiouis;
338 3939 409 3998 iura
429 3957 507 4015 quae
529 3940 565 3998 de
585 3939 690 3998 eodem
715 3939 949 4015 praedicantur,
973 3938 1049 3997 duas
1072 3938 1104 3996 iu
1126 3938 1243 3998 classes
1266 3955 1334 3998 esse

107 4033 330 4113 distinguenda
350 4037 383 4096 in
418 4037 591 4096 essentialia
610 4054 688 4111 quae
708 4037 806 4096 eidem
835 4040 985 4114 perpetuo
1014 4035 1211 4106 inhaereant,
1233 4039 1266 4094 et
1287 4035 1337 4094 in-

107 4133 292 4206 adventitia‚
314 4153 395 4209 quae
410 4135 548 4195 amoveri
570 4139 703 4210 possunt
717 4139 749 4194 ct
764 4141 800 4194 ut
814 4136 985 4213 plurimum
1006 4134 1128 4194 debent.
1145 4134 1336 4193 Essentialia

108 4246 184 4290 vero
198 4250 235 4290 ea
250 4236 372 4291 tantum
395 4250 464 4292 esse
486 4233 639 4304 habenda,
663 4251 741 4307 quae
756 4233 821 4293 siut
842 4233 874 4292 in
890 4234 1012 4293 unitate
1026 4232 1168 4309 legitimo
1183 4232 1272 4290 modo
1282 4250 1336 4289 eu-

109 4331 217 4402 rauda,
240 4330 294 4404 qui
319 4331 428 4390 modus
452 4331 543 4392 unice
574 4331 723 4391 consistit
753 4331 784 4389 in
813 4331 1017 4408 advigilando
1040 4341 1073 4390 et
1102 4331 1134 4388 iu
1156 4329 1333 4404 diripendo,

109 4427 235 4486 scilicet
257 4427 385 4488 consilii
406 4433 469 4501 est,
491 4447 552 4488 non
574 4431 748 4490 coactionis.
