3466 5362
656 365 692 380 -
714 331 751 392 61
773 363 810 378 ..

119 433 153 495 ‘et
171 437 324 514 polemico
344 435 387 498 acl
408 436 572 498 Marinum
593 465 610 482 -
630 436 805 515 Disputatio
824 451 893 496 cum
913 433 1039 512 Pyrrho
1057 465 1075 478 -
1099 433 1282 512 opusculum
1302 431 1340 493 ote

120 537 231 596 anima
252 569 270 583 -
291 537 449 616 Epistulae
469 536 515 596 45
537 569 555 581 -
575 537 618 596 De
637 535 670 595 S.
699 533 853 594 Trinitate
866 533 984 608 dialopi
1004 538 1091 592 tres·
1106 533 1306 611 Mpstapopiu
1321 565 1337 579 -

115 637 193 696 Loci
213 653 385 698 communes
403 667 425 682 -
438 635 665 710 Ambipuorum
684 633 788 704 Liber,
803 632 872 692 sive
886 634 922 692 de
937 629 1037 692 variis
1053 629 1245 690 difficillimis
1259 631 1337 690 locis

116 735 150 794 S.
176 733 323 812 Dionysii
343 735 554 812 Areopagitae
574 736 607 794 et
627 731 772 810 Gregorii
792 727 971 814 (Theologi)
986 761 1003 776 -
1019 729 1138 809 Hymni
1157 736 1218 790 tres
1231 761 1248 774 -
1263 727 1339 789 Fuit

115 833 186 909 ipse
208 833 389 912 Theologus
410 852 466 894 sua
487 836 591 894 aetate
612 831 760 909 insignis.
1313 819 1333 854 ⁸

179 932 210 992 S.
233 933 426 1006 Innnsonsus
445 933 632 994 Tonnranus
652 928 691 1010 (f.
714 949 741 990 a.
758 927 841 1007 657).
856 922 905 989 'Ex
920 927 987 988 eius
1008 927 1154 1006 operibus
1171 928 1339 1004 supersunt

118 1029 186 1088 Lib.
210 1028 247 1090 cte
274 1030 457 1106 cirpinitate
474 1035 627 1107 perpetua
647 1027 680 1087 S.
703 1027 829 1088 Mariae
849 1025 993 1086 odansue
1013 1032 1074 1086 tres
1099 1024 1236 1104 infideles
1259 1024 1340 1084 -Dc

122 1128 304 1207 Copnitione
323 1128 478 1206 Baptnmi
488 1161 504 1172 -
516 1125 554 1186 ale
567 1127 678 1185 itinere
693 1123 804 1186 deserti
817 1124 1104 1203 quoperpiturpust
1115 1123 1312 1200 Baptismum
1322 1155 1340 1166 -

119 1227 186 1285 Lib.
213 1226 250 1286 ele
271 1227 346 1285 airis
365 1225 535 1286 illustribus
555 1257 572 1270 -
593 1215 752 1301 Epistolae
767 1210 901 1300 -Opera
920 1221 989 1281 eins
1010 1220 1104 1280 dubia
1125 1223 1200 1280 sunt
1219 1220 1286 1280 Lib.
1303 1219 1340 1279 cle

115 1329 217 1400 partu
243 1323 382 1400 Virpinis
402 1357 418 1370 -
439 1324 669 1398 Frapmentum
689 1321 727 1382 ele
747 1321 850 1382 eodem
870 1353 886 1366 ·
908 1319 1068 1380 Sermones
1089 1317 1142 1377 14.

179 1425 261 1484 Van.
284 1423 372 1484 Brea
391 1419 428 1502 (f.
443 1441 472 1482 a.
489 1418 572 1500 691).
588 1421 689 1498 Opera
703 1419 771 1480 eius
787 1418 924 1497 genuina
938 1419 1027 1478 eunt:
1043 1417 1087 1476 De
1110 1416 1340 1494 Orthopraphia

118 1522 156 1594 L.
180 1520 206 1578 Ι.
231 1521 268 1580 L.
291 1521 335 1580 De
354 1527 423 1580 erto
442 1520 575 1580 Matrica
594 1551 612 1564 -
633 1521 677 1580 De
695 1519 840 1578 schemat.
856 1525 885 1578 et
904 1516 1002 1593 tropis
1020 1516 1054 1575 S.
1070 1515 1252 1593 Scripturae
1266 1545 1283 1560 ·
1298 1515 1342 1574 De

117 1625 240 1679 natura
261 1636 367 1677 rerum
389 1651 405 1664 -
427 1619 472 1680 De
491 1617 676 1696 temporibus
696 1649 713 1662 -
734 1617 777 1678 De
796 1617 918 1676 ratione
938 1622 1112 1692 temporum
1127 1647 1143 1660 -
1157 1614 1201 1674 De
1220 1614 1342 1674 ratione
1427 1600 1429 1604 ’

124 1718 272 1796 Computi
293 1748 310 1764 -
331 1718 375 1778 De
404 1718 602 1778 celebratione
630 1716 769 1778 Paschae
790 1747 806 1764 ··
826 1717 870 1777 De
900 1714 1008 1776 cratim
1037 1713 1193 1793 feriarum
1212 1713 1343 1790 pascha·

120 1817 198 1875 lium
221 1848 238 1861 -
260 1817 303 1876 De
324 1817 479 1875 tonitruis.
499 1815 603 1877 Oenea
624 1815 802 1877 Exnen‘rrca
822 1818 1027 1874 recensentur
1042 1845 1059 1860 -
1074 1813 1273 1874 Eaabmeron
1287 1825 1341 1870 seu
1412 1799 1418 1815 ’

119 1915 212 1976 Libri
233 1914 252 1973 4
274 1915 306 1973 in
327 1907 429 1992 primo
450 1913 582 1974 Genesis
604 1902 701 1990 usque
722 1915 761 1974 ad
781 1913 983 1974 nativitatem
997 1913 1086 1972 Isaeo
1106 1913 1138 1970 et
1158 1893 1341 1970 electionem

118 2015 263 2076 ismaelis
287 2045 304 2060 -
328 2014 553 2073 Commentarii
573 2014 607 2071 in
627 2013 872 2072 Pentateachum
893 2043 910 2055 -
931 2013 975 2071 De
994 2009 1193 2070 tabernaculo
1214 2013 1243 2066 et
1260 2007 1345 2068 Varis

120 2117 184 2174 eius
203 2131 241 2174 ac
262 2113 391 2173 restibus
417 2109 654 2172 sacerdotalibus
674 2111 762 2169 Libri
782 2113 814 2169 3.
835 2143 853 2154 -
874 2110 1090 2188 Eupositiones
1110 2107 1292 2184 alleporioae
1311 2106 1344 2162 in

122 2212 296 2273 Samuelem
318 2211 507 2288 Prophetam
528 2210 566 2269 L.
588 2207 621 2268 4.
645 2241 662 2256 -
682 2208 721 2268 ln
741 2209 849 2268 Libros
862 2210 985 2284 Rapum
1002 2207 1123 2272 (tuaest.
1146 2206 1202 2266 30.
1218 2203 1345 2263 -Liber

122 2309 161 2370 ale
185 2309 307 2387 Templo
328 2309 501 2370 Salomonis
520 2341 537 2354 ·
558 2308 597 2368 In
617 2307 809 2367 Esdram'et
827 2304 1009 2368 Nehemium
1023 2307 1208 2382 alleparicue
1228 2303 1345 2381 eupasi-
1378 2363 1381 2368 .
1434 2372 1436 2377 .

124 2411 217 2469 tionis
237 2410 326 2469 Libri
340 2411 373 2468 3.
388 2443 409 2456 -
423 2408 643 2486 interpretatio
657 2408 691 2465 in
704 2407 772 2466 Lib.
799 2407 909 2467 Tobiae
925 2441 942 2452 -
957 2407 1119 2484 Eapasitio
1133 2406 1166 2464 in
1175 2403 1345 2482 parabolas

118 2510 294 2570 Salomonis
314 2541 331 2555 -
352 2507 485 2567 Libellus
507 2505 544 2566 ale
563 2507 691 2566 muliere
709 2507 789 2582 forti
808 2539 825 2554 -
850 2505 888 2564 In
904 2505 1070 2583 proverbia
1093 2503 1267 2563 Salomonis
1293 2503 1342 2560 in·

118 2609 350 2686 terpretationis
368 2610 554 2683 frapmenta
574 2639 590 2652 -
612 2605 824 2684 Expositiom's
851 2606 885 2663 in
916 2605 1047 2664 Cantica
1076 2601 1196 2662 Cautio.
1217 2602 1284 2661 Lib.
1310 2600 1342 2660 7.

120 2739 138 2752 -
168 2707 333 2783 Repetitio
353 2707 388 2764 in
417 2706 581 2766 Canticum
601 2705 734 2765 Abacuc.
753 2705 915 2782 Expositio
935 2705 969 2761 in
995 2705 1120 2778 Eaenp.
1148 2699 1304 2759 Matthaei
1324 2731 1341 2744 -

118 2806 199 2866 Item
220 2806 325 2865 Marci
346 2837 362 2850 -
385 2805 458 2865 item
481 2806 583 2866 Lucae
604 2837 621 2850 -
644 2805 717 2863 item
738 2802 884 2864 Iohannis
904 2835 920 2848 -
940 2804 1013 2862 item
1040 2803 1073 2860 in
1102 2801 1197 2861 Actus
1217 2800 1344 2876 Aposto-

119 2907 222 2967 lorum
238 2939 254 2951 -
269 2907 313 2966 De
332 2906 506 2964 nominibus
527 2905 661 2963 locorum
682 2903 729 2962 ael
748 2903 908 2961 ciuitatum
929 2913 1014 2978 quae·
1029 2902 1176 2976 lepuntur
1195 2899 1229 2956 in
1249 2897 1343 2956 Libro

120 3007 266 3066 Actuum.
287 3035 304 3052 ··
327 3005 492 3081 Eaapositio
517 3005 551 3061 in
578 3003 678 3078 Epist.
707 3002 880 3060 Catholicae
910 3033 927 3045 -
947 3000 985 3058 In
1018 2999 1121 3076 Epist.
1143 2998 1176 3058 S.
1197 2995 1297 3054 iacobi
1325 3026 1342 3040 -

122 3105 161 3162 ln
184 3106 269 3180 epist.
292 3103 317 3163 Ι.
338 3104 371 3162 S.
393 3103 483 3162 Petri
504 3135 521 3148 -
542 3101 580 3159 In
600 3097 749 3177 epist'II.
767 3099 900 3159 eiusdem
921 3131 937 3146 -
958 3097 996 3157 In
1019 3097 1102 3174 epist.
1119 3095 1145 3157 Ι.
1170 3095 1202 3154 S.
1223 3094 1312 3153 Petri
1326 3125 1360 3158 -,

123 3200 163 3259 ln
184 3202 264 3278 epist.
280 3201 323 3260 ΙΙ.
338 3201 473 3261 ciendam
486 3233 504 3244 -
517 3199 554 3256 In
568 3199 656 3275 epist.
678 3197 702 3256 I.
718 3197 752 3258 S.
774 3197 921 3257 Iohannis
942 3227 958 3240 -
979 3194 1018 3254 In
1039 3195 1122 3271 epist.
1146 3192 1186 3252 ΙΙ.
1210 3190 1343 3252 eiusdem
1376 3198 1378 3202 '

125 3333 143 3346 -
164 3300 202 3358 In
221 3302 304 3378 epist.
327 3299 382 3359 ΙΙΙ.
405 3298 538 3360 eusdem
560 3331 575 3344 ·
589 3297 628 3356 In
648 3298 750 3375 Epist.
765 3295 861 3356 Iudae
884 3328 894 3342 -
917 3293 1111 3372 Emplanatio
1131 3291 1339 3370 Apocalypsis.

122 3400 227 3460 Oenea
254 3402 476 3460 Pannnnnrrcn
490 3431 507 3446 -
527 3397 683 3457 Hamillus
712 3397 866 3472 penninas
885 3393 941 3454 24.
977 3410 1057 3471 quae
1084 3397 1280 3453 recensentur
1310 3391 1343 3450 in

118 3499 310 3558 Bibliotheca
330 3498 441 3573 Mipne
462 3529 479 3544 -
501 3496 690 3556 Subdititiae
713 3494 789 3554 109.
813 3495 917 3555 Ornnn
936 3492 1103 3554 Ascnrrca.
1126 3488 1258 3552 Libellus
1272 3506 1345 3567 pre-

119 3615 192 3659 cum
214 3629 232 3644 ·
253 3597 296 3656 De
316 3598 422 3674 officiis
450 3595 583 3655 Libellus
611 3613 650 3670 ee
679 3593 888 3670 quorumdam
917 3594 1054 3652 Petrum
1077 3589 1165 3650 dictis
1184 3595 1344 3666 eucarpius

120 3730 137 3743 -
159 3697 382 3774 Eaacerptiones
401 3697 538 3755 Petrum
559 3727 576 3740 -
600 3693 790 3753 Collectanea
809 3689 891 3773 (seu)
905 3691 995 3766 (tores
1013 3709 1053 3750 eae
1072 3689 1198 3748 (liversis
1213 3721 1230 3734 -
1248 3687 1345 3752 Quae·

119 3797 235 3856 stiones
254 3802 284 3855 et
306 3795 478 3872 parabolae
491 3825 508 3838 ·
533 3795 577 3852 De
601 3791 799 3851 meditatione
824 3791 976 3868 passionis
1004 3790 1119 3849 Christi
1136 3806 1197 3866 per
1221 3789 1253 3848 7.
1281 3788 1345 3850 diei

119 3896 215 3955 haras
235 3927 253 3940 -
274 3896 318 3955 De
336 3893 480 3954 remediis
495 3898 703 3970 peecatorum.
727 3892 870 3952 Canama
893 3892 967 3950 sunt
985 3889 1057 3948 Vita
1077 3890 1206 3948 metrica
1226 3889 1259 3949 S.
1284 3891 1345 3950 Cu-

120 3995 254 4054 theberti
274 3992 540 4068 Lindisfarnensis
560 3991 705 4067 Episcopi
719 4021 736 4036 -
752 3992 858 4050 Passio
871 3989 905 4049 S.
925 3988 1037 4048 lustini
1056 3987 1241 4068 Martyris-
1256 3989 1345 4048 Man
1366 4013 1368 4018 ⁵

120 4093 312 4170 tyralopium
330 4092 484 4168 poeticum
495 4122 513 4136 -
523 4091 643 4168 Hymni
665 4090 719 4148 13.
734 4123 755 4136 -
768 4089 927 4167 Epistulae
942 4087 996 4148 16.
1009 4119 1030 4132 -
1046 4086 1148 4148 &aaa
1158 4089 1341 4148 Hispanias.

126 4193 201 4252 Vtra
221 4191 410 4251 Sanctorum
431 4191 586 4249 Arearum
606 4184 790 4248 atonescam
809 4173 842 4245 te
868 4187 1066 4248 Wirumutho
1086 4193 1115 4246 a
1131 4185 1272 4254 eanum,
1287 4186 1346 4244 aa·

118 4289 240 4350 nedmti
270 4287 423 4364 Ceolfridi
451 4287 644 4358 Easternini,
669 4285 812 4362 Lipfrioli
834 4294 864 4346 et
879 4287 1043 4348 Huetberti
1066 4317 1082 4330 -
1107 4286 1179 4344 Vita
1200 4283 1345 4360 prosaica

119 4388 156 4447 S.
184 4387 348 4447 Cuthberti
368 4385 637 4462 Linclisfarnensis
656 4385 802 4463 Episcopi
816 4417 832 4430 -
851 4386 924 4445 Vita
936 4388 974 4445 B.
990 4385 1101 4446 Felicis
1116 4384 1206 4458 Conf.
1225 4413 1242 4425 -
1256 4379 1346 4440 Mar-

121 4487 293 4565 tpralopiu.
310 4483 448 4561 Scripsit
465 4482 562 4544 etiam
583 4483 738 4544 Libellum
753 4485 789 4544 de
803 4484 882 4544 loeis
897 4485 1031 4554 sanetis,
1047 4480 1257 4543 abbreviando
1270 4497 1345 4556 opu·

124 4586 217 4644 scula
239 4584 403 4645 maiorum.
432 4582 477 4648 Ob
498 4583 659 4644 doetrinae
680 4585 713 4644 et
726 4582 883 4644 virtutum
897 4582 1011 4644 merita
1028 4577 1225 4641 Venerabilis
1240 4577 1343 4638 dietus
