3444 5358
644 303 826 366 -159-

373 499 465 560 Alter
480 505 580 558 statue
599 498 681 558 luris
713 499 865 562 Canoniei
884 499 1042 560 assecuto
1065 498 1116 558 ΙΙΙ

608 613 704 672 usque
724 595 768 656 ad
793 596 857 656 VII.

180 791 222 850 Il.
247 788 362 866 Magno
383 790 511 850 interim
533 791 707 868 imperante
728 790 949 862 Constantino,
972 790 1053 851 alter
1068 790 1228 852 Ecclesiae
1243 793 1349 852 status

111 888 276 947 constitui
297 893 415 964 potest,
432 888 486 963 qui
503 907 559 965 per
580 892 718 965 quatuor
738 889 904 963 sequentia
924 889 1051 948 saecula
1072 889 1223 960 adolevit,
1239 890 1277 948 ad
1298 907 1352 948 au-

111 1003 194 1042 num
225 1003 325 1060 usque
352 987 436 1046 DCC.
467 988 546 1046 Tum
579 987 712 1063 primum
741 986 897 1058 Ecclesia,
920 986 1025 1045 tribus
1057 985 1122 1046 fere
1151 986 1286 1047 saeculis
1318 986 1350 1044 in

112 1101 221 1158 agone
242 1085 381 1154 exactis,
402 1103 421 1144 a
442 1084 548 1144 labore
570 1101 605 1142 ac
627 1089 712 1144 metu
734 1083 910 1160 respiravit
931 1089 1026 1160 atque
1041 1083 1223 1160 ampliorem
1246 1084 1349 1144 veluti

54 1199 58 1206 ·
112 1181 274 1252 ordinem,
296 1199 334 1241 ac
355 1183 552 1259 splendorem
574 1185 744 1242 consecuta
763 1185 822 1241 est.
844 1181 993 1258 Episcopi
1023 1181 1105 1240 enim
1138 1182 1286 1242 libertate
1318 1183 1350 1241 in
1370 1205 1385 1218 ·

113 1296 218 1336 unum
250 1279 456 1338 conveniendi
486 1279 580 1356 potiti
608 1282 695 1351 suut,
717 1283 812 1356 atque
842 1279 936 1356 plura
969 1279 1078 1340 habita
1099 1279 1188 1340 fuere
1210 1279 1352 1340 Concilio

112 1377 311 1451 praesertim
332 1376 365 1434 in
380 1377 520 1446 Oriente,
532 1394 663 1452 quorum
686 1381 758 1437 acta
779 1395 875 1455 paene
897 1378 1023 1455 integra
1044 1379 1082 1437 ad
1097 1396 1153 1436 nos
1170 1395 1268 1454 usque
1282 1396 1352 1455 per-

113 1478 290 1534 venerunt.
313 1476 395 1535 Hinc
427 1481 580 1534 canonum
612 1475 759 1534 collectio
787 1476 820 1534 in
852 1477 980 1536 Oriente
1009 1475 1154 1536 coniecta
1174 1482 1236 1546 est,
1259 1477 1350 1535 cuius
1428 1493 1430 1500 ·

112 1575 234 1631 auctor
254 1573 355 1632 adhue
377 1573 512 1632 eruditis
545 1572 685 1649 ignotus,
707 1578 741 1632 et
773 1592 834 1649 quo
862 1578 1001 1652 tempore
1027 1573 1163 1650 primum
1199 1573 1352 1650 prodierit

112 1671 223 1728 adhuc
254 1670 422 1730 incertum.
447 1671 551 1730 Huius
573 1669 691 1730 codicis
722 1671 825 1747 prima
845 1672 988 1731 occurrit
1017 1670 1135 1730 mentio
1156 1671 1189 1729 in
1211 1671 1352 1731 Concilio

113 1767 379 1828 chalcedonensi.
400 1769 465 1828 Iam
488 1767 613 1828 verosi
635 1785 769 1828 canones
791 1769 1014 1846 Apostolorum
1036 1785 1093 1845 pro
1114 1767 1217 1844 prima
1243 1772 1276 1827 et
1299 1787 1353 1827 au·

114 1865 305 1940 tiquissima
334 1883 488 1924 canonum
518 1865 705 1924 collectione
734 1866 956 1942 accipiantur,
986 1865 1165 1942 proximum
1196 1865 1353 1924 obtinebit

113 1963 223 2022 locum
244 1963 331 2036 baec,
351 1981 431 2038 quae
452 1963 554 2040 prima
576 1965 671 2040 vulgo
686 1968 843 2024 censetur.
861 1965 981 2032 Quibus
997 1963 1169 2024 canonibus
1185 1967 1353 2023 constaret

116 2079 182 2118 non
206 2061 286 2120 satis
308 2065 358 2119 est
378 2060 589 2138 exploratum3
613 2064 666 2121 sed
688 2063 882 2138 probabilior
903 2062 1062 2122 sententia
1085 2068 1147 2134 est,
1172 2062 1254 2136 quod
1269 2059 1352 2120 forte

117 2160 158 2217 ab
173 2159 268 2217 initio
289 2163 414 2218 tantum
435 2161 706 2236 comprehenderit
720 2178 853 2220 canones
869 2160 1039 2235 Nicaenos,
1056 2162 1259 2237 Ancyranos,
1272 2159 1354 2221 Neo-

115 2257 348 2331 caesarienses,
361 2264 456 2334 atque
477 2261 690 2335 (tungrenses,
713 2260 775 2318 etsi
790 2263 899 2336 postea
920 2276 1055 2319 canones
1074 2257 1216 2318 adiuncti
1230 2256 1353 2316 fuerint

115 2357 257 2416 aliorum
283 2357 506 2417 Conciliorum.
530 2356 590 2416 Hic
619 2361 724 2416 autem
752 2357 828 2416 ordo
849 2357 881 2416 in
903 2375 940 2416 ea
961 2361 1108 2416 servatus
1137 2359 1199 2426 est,
1223 2358 1259 2413 ut
1279 2358 1352 2431 post

115 2472 256 2514 canones
276 2455 410 2516 Nicaeni
431 2455 578 2526 concilii,
603 2456 684 2530 quod
705 2459 814 2530 utpote
843 2455 978 2532 primum
1008 2454 1248 2515 Oecumeuicum
1269 2453 1352 2512 anti·

114 2554 286 2628 quioribus
307 2558 377 2613 erat
397 2555 660 2631 praeponendum,
684 2554 717 2612 in
739 2553 871 2629 reliquis
893 2553 976 2614 ratio
997 2553 1169 2612 haberetur
1183 2553 1350 2628 temporis,

115 2670 183 2728 quo
205 2653 445 2728 unumquodque
466 2652 609 2711 habitum
631 2651 704 2712 iuit.
723 2653 841 2712 Eorum
854 2657 959 2711 autem
974 2668 1108 2712 canones
1122 2669 1184 2710 non
1199 2649 1352 2710 distincte

114 2755 279 2827 tamquam
302 2751 502 2810 diversarum
525 2751 736 2826 Synodorum,
759 2753 812 2810 sed
834 2755 985 2828 perpetua
1012 2751 1093 2810 serie
1114 2750 1230 2828 digesti
1251 2769 1287 2811 ac
1324 2751 1352 2810 si

114 2848 214 2908 unius
236 2853 343 2908 essent
364 2847 512 2921 Consilii,
534 2849 633 2925 positi
662 2854 747 2908 sunt.

178 2949 236 3008 III.
261 2947 375 3024 Viguit
384 2965 506 3023 quoque
516 2947 581 3007 alia
594 2964 748 3006 canonum
763 2947 909 3006 collectio
924 2948 956 3006 iu
971 2947 1041 3023 ipsa
1055 2946 1198 3006 Ecclesia
1215 2950 1351 3020 Graeca,

115 3049 251 3104 auctore
273 3045 387 3104 Ioanne
408 3049 617 3122 cognomento
639 3044 849 3116 scholastico,
872 3045 1010 3120 eoquod
1031 3063 1048 3101 e
1069 3043 1189 3115 schola,
1212 3044 1281 3103 sive
1302 3062 1352 3102 or·

117 3143 193 3202 dine
229 3144 456 3202 advocatorum
478 3145 516 3202 ad
538 3143 679 3202 ordinem
710 3142 961 3202 ecclesiasticum
984 3140 1164 3200 transisset.
1187 3142 1248 3201 Hic
1270 3161 1356 3202 nova·

116 3241 268 3300 methodo
292 3242 372 3300 hanc
395 3242 613 3300 collectionem
634 3240 769 3318 peregit3
791 3259 858 3300 eam
879 3239 962 3300 enim
984 3239 1017 3298 in
1037 3238 1076 3299 50
1097 3240 1209 3300 titulos
1224 3241 1350 3314 divisit,

117 3357 178 3398 nec
210 3340 319 3398 ordine
350 3340 501 3416 temporis
532 3344 673 3412 servato,
697 3357 752 3398 uec
785 3338 866 3397 serie
898 3355 1099 3398 numerorum
1121 3356 1178 3415 pro
1207 3346 1352 3400 veterum

118 3455 220 3508 more,
244 3439 296 3498 sed
325 3439 482 3498 similibus
513 3438 640 3509 similia,
663 3439 702 3497 ad
724 3439 862 3498 eamdem
890 3437 1016 3497 scilicet
1046 3455 1111 3498 rem
1143 3439 1349 3515 pertinentia,

120 3535 354 3612 coniungendo,
377 3540 410 3596 et
431 3553 505 3595 suos
529 3536 643 3612 cuique
666 3537 763 3596 titulo
790 3553 937 3608 canones,
959 3553 1073 3611 eosque
1094 3537 1235 3614 integros
1256 3539 1352 3598 subii·

119 3633 244 3706 ciendo,
267 3640 304 3694 ut
326 3636 392 3712 ipse
415 3635 446 3694 in
469 3635 537 3694 eius
559 3635 664 3710 operis
688 3635 883 3711 praefatione
915 3636 1067 3692 testatur.
1090 3635 1125 3692 In
1152 3653 1188 3693 ea
1207 3639 1279 3710 post
1300 3655 1351 3695 ca-

118 3749 217 3790 nones
234 3733 461 3808 Apostolorum
482 3739 690 3792 recensentur
707 3749 841 3792 canones
857 3733 962 3790 decem
977 3730 1189 3791 conciliorum
1204 3733 1233 3792 N
1237 3732 1350 3806 icaeni,

117 3830 296 3906 Ancyraui,
310 3829 601 3902 Noecaesarieusis,
616 3828 828 3899 sardicensis,
841 3827 1048 3906 Gangrensis,
1060 3829 1263 3902 Antiocheni‚
1275 3831 1355 3890 Lao-

118 3927 242 4000 diceni,
276 3927 621 4005 constantinopolitani
643 3928 670 3998 I,
700 3926 851 4004 Ephesini
872 3931 905 3985 et
935 3925 1207 3988 Chalcedonensis.
1231 3930 1290 3988 His
1321 3948 1354 3992 se

117 4024 278 4085 addidisse
299 4024 422 4086 fatetur
443 4043 577 4086 canones
601 4024 642 4084 68
663 4024 827 4084 extribus
845 4023 1006 4086 canonicis
1028 4024 1180 4101 Epistolis
1196 4027 1226 4086 S.
1242 4027 1356 4091 Basilii

118 4140 197 4198 quos
218 4123 258 4181 ab
278 4124 352 4182 aliis
374 4124 507 4184 omissos
531 4123 597 4200 ipse
619 4122 741 4199 primus
765 4124 798 4182 in
820 4141 877 4184 sua
898 4123 1085 4184 collectione
1106 4124 1289 4201 descripsit,
1307 4143 1356 4184 re·

118 4221 223 4296 liquos
244 4239 283 4278 ex
306 4221 467 4280 veteribus
498 4221 644 4297 sumpsit.
667 4220 750 4280 Huic
784 4221 979 4292 collectioni,
1003 4239 1095 4296 quam
1118 4223 1198 4280 idem
1220 4223 1352 4282 loannes

117 4317 337 4380 Antiochenus
368 4319 469 4378 adhuc
509 4320 690 4396 presbyter,
713 4320 925 4395 composuisse
947 4321 1101 4392 creditur,
1126 4323 1188 4380 iam
1217 4321 1355 4398 inaugu-

118 4420 210 4476 ratus
241 4415 434 4478 Patriarcha
460 4416 844 4494 Constantinopolitanus,
867 4417 987 4494 primus
1016 4417 1151 4476 omnium
1175 4417 1232 4476 sub
1255 4418 1353 4478 Iusti·

118 4514 214 4574 niano
235 4514 376 4575 attexuit
395 4511 678 4586 Nemo-canonem,
695 4514 777 4574 idest
798 4514 902 4591 legum
924 4533 994 4574 cum
1017 4515 1187 4574 canonibus
1209 4516 1353 4576 collatio·
