3466 5362
384 419 479 480 nullis
508 418 615 494 Libris
639 420 876 498 Hypotyposeon
898 434 952 476 sau
976 415 1220 480 Institutionum
1247 421 1279 478 et
1306 416 1448 478 aliorum
1472 435 1620 496 operum.

384 517 526 578 Habetur
552 536 609 596 pro
637 518 793 595 magistro
819 515 1031 594 philosophiae
1061 515 1278 590 christianae,
1310 516 1393 578 inter
1434 515 1625 596 scriptores

380 616 627 689 ecclesiasticos,
640 613 881 692 sapientissimo:
895 613 971 677 libri
985 613 1053 686 eius
1067 614 1243 674 eruditione
1261 617 1294 676 et
1304 614 1470 696 sapientia
1487 614 1625 675 sublimi

380 715 492 777 referti
515 719 600 787 sunt3
618 731 727 774 verum
747 712 786 772 ab
807 712 968 772 erroribus
990 712 1176 788 quibusdam
1198 712 1264 790 ipso
1286 711 1438 772 immunis
1464 731 1535 772 non
1559 714 1624 782 est,

380 812 597 890 philosophiae
618 812 786 872 eclecticae
807 811 951 872 addictus
972 813 1054 882 crat,
1069 815 1102 870 et
1122 811 1266 871 Platonis
1287 829 1392 872 amore
1413 809 1621 870 ducebatur.

326 908 329 912 ’
379 910 480 988 Opera
494 911 661 970 Clementis
675 910 766 969 Alex.
784 909 869 970 edita
891 912 966 969 sunt
987 908 1101 968 Oxonii
1122 909 1212 973 1715.
1232 913 1264 969 et
1277 911 1386 974 Venet
1403 907 1495 971 1758
1511 908 1549 968 in
1566 907 1624 974 fol.

439 1007 727 1090 Tsnruuornnuslf.
740 1027 768 1068 a.
781 1005 863 1085 199).
876 1007 905 1066 Α
917 1007 1005 1066 cultu
1017 1007 1143 1066 deorum
1153 1011 1186 1066 ct
1200 1005 1316 1066 militia
1327 1007 1366 1066 ad
1376 1005 1510 1067 Christi
1524 1022 1624 1066 sacra

380 1108 613 1184 transgressus,
630 1109 662 1166 ot
677 1110 747 1184 post
761 1105 889 1182 nuptias
903 1105 1077 1183 Presbyter
1098 1104 1216 1179 factus,
1235 1103 1350 1166 defecit
1370 1107 1410 1165 ad
1429 1104 1625 1166 montanis·

379 1221 464 1264 mum
491 1222 527 1265 ac
556 1205 678 1264 demum
704 1201 851 1282 propriae
880 1205 984 1265 sectae
1011 1206 1124 1264 auctor
1150 1203 1263 1264 evasit.
1293 1204 1382 1264 Inter
1409 1202 1485 1262 cius
1519 1219 1624 1280 opera

380 1302 582 1380 praecipuum
610 1303 713 1362 locum
741 1305 827 1361 tenet
847 1301 1073 1380 Apoloyeticns,
1096 1301 1129 1360 ia
1153 1320 1214 1380 quo
1235 1302 1325 1364 varia
1354 1301 1499 1361 crimina
1529 1300 1624 1360 chri-

380 1399 493 1461 stianis
515 1401 638 1460 obiecta
658 1399 763 1460 diluit.
780 1400 864 1459 Idem
888 1398 955 1460 fere
975 1404 1195 1478 argumentum
1224 1399 1387 1460 continent
1405 1399 1506 1460 Libri
1520 1399 1560 1460 2.
1575 1397 1621 1459 ad

378 1498 525 1560 Nationes
552 1500 586 1580 (i.
613 1519 640 1560 c.
663 1500 701 1558 ad
722 1495 887 1577 Gentiles).
909 1500 1077 1560 Praeterea
1104 1499 1172 1559 eius
1199 1516 1293 1576 opera
1320 1502 1403 1558 sunt:
1436 1497 1622 1558 Tractatas
1662 1577 1664 1586 y

378 1597 416 1658 de
435 1598 606 1658 testimonio
627 1597 752 1658 animae
766 1629 783 1642 -
799 1596 892 1656 Liber
911 1595 954 1655 ad
974 1596 1143 1676 Scapulam
1156 1629 1174 1643 ·
1188 1597 1282 1656 Liber
1301 1594 1446 1657 aduncas
1472 1594 1621 1655 Iudaeos

381 1727 394 1742 ·
411 1696 503 1755 Liber
516 1695 554 1755 de
567 1695 865 1774 Praescriptionibns
885 1691 1031 1754 adoersns
1044 1696 1221 1768 haereticos,
1238 1695 1271 1754 in
1292 1713 1352 1772 quo
1366 1693 1616 1754 haereticorum

377 1793 521 1871 dogmata
549 1793 667 1854 cursim
695 1793 870 1872 attingens,
893 1811 954 1858 una
975 1792 1130 1854 novitatis
1150 1793 1346 1870 exceptione,
1376 1793 1473 1852 simul
1500 1793 1617 1851 omnia

322 1943 347 1968 Δ.
378 1889 517 1964 refellit3
547 1891 638 1972 (quae
667 1910 743 1951 vero
771 1891 804 1950 in
832 1891 893 1971 iius
920 1890 1015 1950 huius
1043 1892 1146 1969 operis
1175 1890 1338 1950 invenitur
1365 1891 1616 1950 haereticorum

377 1990 530 2063 recensio,
545 2008 713 2066 eorumque
734 2007 877 2051 errorum
899 1989 1006 2050 brevis
1028 1988 1197 2066 expositio,
1213 2007 1253 2047 ex
1273 1989 1428 2048 communi
1451 1988 1616 2048 Erudito-

377 2105 446 2146 rum
466 2106 619 2149 consensu
642 2093 801 2166 tamquam
827 2087 1031 2166 supposititia
1051 2083 1211 2166 reiicitur)
1232 2121 1250 2131 -
1278 2087 1359 2164 Opas
1379 2093 1491 2147 contra
1514 2087 1616 2146 Mar-

375 2185 492 2246 cionem
507 2219 523 2232 ·
537 2187 629 2248 Libe-r
648 2193 757 2246 contra
769 2187 931 2246 Praneann
944 2186 1065 2246 -Liber
1078 2185 1223 2244 adversas
1234 2185 1461 2260 Hermogenem
1474 2217 1492 2231 ·
1509 2185 1614 2270 Liber

375 2291 484 2344 contra
508 2285 741 2345 Valentinianos
754 2316 770 2329 -
783 2284 875 2344 Liber
895 2283 1038 2344 decarne
1054 2283 1169 2343 Christi
1183 2316 1199 2329 -
1214 2283 1306 2343 Liber
1320 2282 1357 2343 de
1376 2283 1612 2368 resurrectione

375 2384 478 2443 carnis
499 2415 516 2429 -
529 2384 622 2443 Liber
642 2383 679 2443 de
699 2383 807 2444 anirna
828 2414 845 2427 -
868 2381 960 2441 Liber
981 2382 1127 2442 adversas
1146 2382 1297 2458 gnosticos
1316 2381 1479 2459 Scorpiace
1501 2381 1552 2463 (i.
1579 2401 1608 2440 e.

376 2482 553 2542 antitodum
568 2487 679 2550 contra
690 2499 842 2544 venenum
856 2479 1088 2541 haereticorum
1099 2481 1317 2558 scorpionibus
1333 2477 1511 2560 similium).
1530 2481 1607 2541 Lib.

376 2579 414 2639 de
425 2580 608 2641 Idololatria
622 2613 638 2626 ·
651 2581 744 2641 Liber
758 2580 795 2640 cle
808 2597 922 2640 corona
936 2612 953 2625 -
969 2579 1062 2638 Liber
1076 2577 1113 2638 de
1126 2579 1303 2657 spectaculis
1313 2611 1331 2624 ·
1346 2577 1495 2639 Liberaui
1514 2579 1609 2640 Mar-

375 2685 456 2756 tyres
470 2711 486 2724 -
502 2679 594 2740 Liber
614 2679 651 2739 de
670 2681 832 2756 Baptismo
848 2679 969 2739 -Liber
989 2677 1027 2737 de
1041 2677 1238 2737 Paenitentia
1253 2710 1270 2722 -
1286 2677 1378 2737 Liber
1392 2677 1430 2738 de
1439 2679 1608 2756 patientia

375 2809 392 2821 -
407 2777 499 2838 Liber
518 2776 556 2838 dc
580 2778 727 2838 Oratione
746 2809 763 2822 -
784 2778 873 2838 Libri
893 2779 926 2836 2.
950 2776 987 2836 de
1007 2777 1092 2836 cnltn
1111 2776 1325 2852 foeminarum
1347 2810 1364 2822 -
1386 2777 1476 2836 Libri
1495 2779 1533 2838 2.
1559 2775 1606 2837 ad

375 2893 504 2936 nnorarn
519 2877 643 2936 -Liber
663 2875 700 2936 de
719 2877 822 2936 Pallio
835 2909 852 2922 -
868 2877 1004 2936 Tandem
1025 2878 1200 2951 sequuntur
1222 2892 1328 2952 opera,
1351 2894 1429 2952 quae
1449 2877 1489 2937 ad
1507 2877 1605 2937 Mon-

375 2972 512 3034 tanistas
533 2978 753 3052 transgressus
776 2973 925 3048 confecit,
941 2973 1065 3036 scilicet
1079 2973 1170 3034 Liber
1191 2972 1228 3034 dc
1240 2976 1319 3056 faga
1333 2973 1367 3032 in
1383 2977 1604 3053 persecutione

374 3072 491 3133 -Liber
505 3071 543 3132 de
556 3074 678 3133 ieiuniis
690 3074 806 3133 -Liber
820 3072 857 3133 de
870 3073 1074 3149 Monogamia
1088 3073 1206 3132 -Liber
1221 3071 1258 3132 de
1279 3073 1492 3133 erbortatione
1507 3073 1603 3134 casti·

376 3173 449 3232 tatis
460 3174 575 3233 ·Liber
589 3172 626 3233 de
635 3173 792 3251 pudicitia
805 3205 816 3219 ·
827 3173 919 3233 Liber
933 3173 970 3232 de
984 3173 1120 3233 velandis
1138 3171 1326 3249 Virginibus.
1340 3173 1489 3232 -Eminet
1501 3191 1601 3252 porro

376 3268 408 3328 in
436 3271 578 3331 omnibus
600 3271 792 3344 Tertulliani
817 3272 947 3348 scriptis
968 3271 1021 3330 vir
1047 3271 1173 3331 natione
1190 3276 1287 3347 'atque
1317 3271 1420 3330 indole
1441 3270 1519 3345 afer,
1542 3270 1600 3349 qui

376 3367 543 3446 plurimum
565 3369 744 3446 phantasia,
760 3369 930 3452 plurimum
952 3367 1079 3448 ingenio
1098 3370 1208 3447 pollet,
1224 3368 1341 3428 iudicio
1363 3386 1452 3445 saepe
1472 3387 1598 3446 parum.

378 3466 436 3532 Qui
457 3467 586 3544 proinde
608 3468 761 3546 legentes,
778 3467 913 3546 singulis
936 3467 1103 3527 sententiis
1119 3486 1155 3527 ac
1171 3485 1247 3544 pene
1263 3466 1394 3524 vocibus
1409 3468 1595 3544 percellere,

376 3581 467 3640 quam
496 3570 570 3644 apta
595 3566 753 3626 rationum
779 3565 1014 3626 continuatione
1042 3585 1077 3625 ac
1100 3565 1180 3625 serie
1208 3567 1330 3637 docere,
1353 3565 1487 3625 mavult.
1510 3568 1595 3626 Hinc

374 3679 501 3741 pressae
516 3665 662 3742 succique
675 3664 785 3742 plenae
798 3665 984 3738 locutiones,
1000 3665 1073 3724 hinc
1090 3665 1192 3726 audax
1212 3662 1438 3724 vocabulorum
1451 3665 1594 3740 novitaS,

319 3797 322 3802 -
376 3761 449 3820 hinc
471 3763 623 3824 intercisa
636 3764 692 3824 illa
709 3763 858 3834 eruditio,
874 3782 966 3840 quam
981 3765 1182 3840 undequaque
1198 3765 1396 3840 corrogatam
1415 3763 1481 3822 suis
1497 3763 1597 3824 inter-

377 3860 455 3919 serit
483 3863 655 3938 opusculis:
685 3863 760 3922 hino
786 3862 967 3940 frequentes
988 3863 1027 3921 ab
1047 3866 1234 3941 argumento
1263 3860 1472 3938 digressiones
1494 3863 1596 3940 inopi·

375 3976 492 4036 uaeque
506 3961 725 4034 transitiones,
741 3980 818 4038 quae
832 3962 1013 4039 plerumque
1028 3961 1168 4022 ordinem
1189 3959 1410 4022 tractactionis
1427 3962 1594 4040 introspici

375 4075 437 4117 non
457 4055 576 4118 sinunt.
592 4059 641 4118 Ex
655 4059 886 4136 breviloquenti
907 4077 982 4120 vero
996 4058 1063 4119 eius
1077 4059 1317 4138 peregrinitate,
1332 4077 1410 4136 quae
1425 4061 1481 4120 vix
1495 4060 1594 4122 ullam

376 4174 415 4216 ex
434 4155 543 4215 ordine
563 4156 664 4216 lucem
684 4162 861 4232 mutuatur,
884 4159 1032 4219 oriuntur
1053 4157 1126 4219 illae
1146 4156 1299 4218 orationis
1320 4159 1411 4234 quasi
1431 4159 1590 4232 tenebrae,

376 4273 454 4332 quac
474 4255 591 4332 passim
611 4256 679 4316 eius
700 4276 793 4335 opera
813 4249 995 4332 involvunt,
1017 4275 1157 4334 quaeque
1171 4256 1354 4330 effecerunt,
1371 4261 1408 4318 ut
1422 4256 1510 4317 illius
1531 4257 1594 4318 elo·

378 4355 464 4416 cutio
484 4357 610 4432 praeter
638 4357 762 4416 modum
783 4355 925 4416 difficilis
952 4359 1047 4432 atque
1067 4355 1202 4422 obscura
1221 4354 1299 4432 ipsis
1328 4354 1489 4415 veteribus
1509 4355 1594 4416 vide·

376 4456 475 4514 retur.
497 4455 597 4532 Opera
615 4453 806 4516 Tertulliani
825 4453 910 4514 edita
930 4455 1006 4514 sunt
1026 4471 1104 4514 cura
1124 4454 1149 4516 1.
1163 4454 1270 4514 Pamel
1289 4454 1442 4530 Antuerp.
1461 4453 1539 4515 1579
1558 4455 1591 4514 iu

255 4605 257 4612 .
377 4546 433 4608 fol.
457 4583 474 4598 -
496 4553 537 4614 N.
565 4552 700 4632 Rigaltii
719 4551 822 4613 Paris.
845 4549 922 4612 1634
943 4555 977 4614 et
1002 4551 1128 4614 auctius
1148 4552 1250 4616 Paris.
1274 4552 1351 4618 1641
1377 4555 1411 4614 et
1427 4551 1509 4626 ‚1664
1535 4552 1590 4638 tol.
