3404 5360
901 323 1078 384 -102-

375 425 411 483 dc
432 419 562 482 auxiliis
584 421 642 480 sub
671 422 826 482 (lismonte
855 421 930 481 VIII
950 425 982 482 et
1014 421 1110 482 Paulo
1130 423 1168 484 V.
1195 421 1370 480 doctrinam
1402 421 1458 479 sui
1482 419 1605 477 ordinIs
1657 473 1661 484 ,

374 520 597 598 propugnavit.
621 518 757 595 Scripsit
778 537 853 578 vero
872 520 1101 597 Disputationes
1120 519 1306 594 theoloyicas
1324 520 1357 577 in
1373 521 1405 580 1.
1420 519 1458 579 2.
1476 517 1511 577 S.
1531 517 1608 575 Tho-

374 637 466 688 mae‚·
480 621 523 680 De
535 619 752 678 incarnatione
771 617 870 676 diuini
893 618 983 678 Verbi
1000 617 1234 699 (disputationes
1253 616 1326 696 80.)
1350 617 1387 677 de
1401 617 1542 690 numiliis
1564 615 1610 672 di-

374 719 464 794 vinae
496 717 621 791 cratiae
647 722 675 774 et
695 717 826 774 humani
854 717 980 775 arbitrii
1007 717 1124 775 uiribus
1151 723 1181 776 et
1201 717 1362 788 libertate,
1390 734 1432 776 ac
1465 714 1621 790 legitema·

376 817 439 875 eius
457 833 527 873 cum
546 815 682 893 efficacia
711 813 888 874 corumdem
918 816 1110 874 anciliorum
1140 813 1304 888 concordia
1336 815 1387 873 lib.
1411 812 1448 872 4.
1472 815 1612 889 Respon-

375 915 495 978 sionum
516 911 559 971 ad
578 913 754 972 adiectiones
772 911 918 972 annuus
937 913 1132 974 concordiam
1153 914 1242 973 liberi
1264 913 1391 972 arbitrii
1404 931 1483 971 cum
1499 911 1611 970 divina

371 1012 592 1091 praescientia,
619 1011 830 1088 prouidentia,
863 1019 892 1071 et
919 1011 1210 1089 praedestinatione,
1242 1018 1335 1088 atque
1363 1029 1438 1070 cum
1468 1009 1611 1088 efficacia

371 1099 598 1188 prenominatis
617 1111 741 1184 cratiae
756 1115 855 1187 prout
874 1128 894 1169 a
914 1110 947 1170 S.
968 1109 1085 1171 Thomu
1109 1117 1165 1170 etc:
1190 1111 1240 1170 lib.
1263 1108 1299 1182 4,·
1315 1108 1561 1170 Commentarin
1575 1107 1610 1164 in

377 1207 491 1268 Isaiam
510 1209 621 1284 proph.

436 1307 561 1367 Pennus
582 1306 733 1366 Larnann
754 1307 785 1366 S.
806 1307 832 1366 1.
854 1305 891 1386 (†
919 1303 1022 1385 1635).
1054 1305 1213 1368 Maximus
1244 1303 1297 1364 hic
1330 1303 1516 1382 theologiae
1546 1320 1611 1360 mo·

377 1403 454 1463 ralis
475 1405 596 1474 doctor,
618 1408 655 1462 ut
676 1421 694 1462 a
714 1405 803 1481 Gury
831 1407 975 1476 vocatur,
1003 1403 1134 1480 scripsit
1167 1403 1365 1477 Theolocinm
1390 1403 1553 1462 moralem
1576 1401 1609 1458 in

378 1502 410 1560 5.
431 1501 482 1560 lib.
502 1502 672 1577 partitam·
693 1501 809 1562 adiecit
838 1501 909 1560 dein
937 1502 1064 1562 moralis
1093 1502 1262 1577 theoloqiae
1288 1502 1516 1578 repertorium.
1541 1500 1608 1558 Hoc

377 1615 454 1675 opus
476 1599 593 1676 prodiit
614 1600 846 1660 accessionibus
868 1605 1007 1673 anetum,
1024 1599 1147 1659 scillcet
1168 1617 1219 1676 qq:
1240 1593 1396 1660 canonicis
1416 1599 1456 1660 cle
1475 1597 1609 1676 praelu-

378 1703 481 1756 torum
501 1698 769 1759 ecclesiasticorum
789 1699 942 1769 electione,
963 1699 1166 1771 Institutione,
1190 1705 1219 1759 rt
1237 1697 1398 1775 potestate,
1422 1697 1461 1757 cle
1478 1695 1609 1756 iurisdi-

378 1796 459 1854 tione
473 1803 502 1854 et
520 1795 630 1856 iudices
642 1796 799 1881 ordinarii
803 1803 967 1873 potestate,
983 1797 1020 1856 ele
1032 1814 1139 1857 rerum
1154 1796 1426 1858 ecclesiasticarum
1436 1793 1607 1875 prohibita

289 1966 291 1971 ³
379 1894 564 1954 alienatione
583 1913 622 1955 ceo
643 1896 692 1955 lid.
717 1898 747 1958 1.
770 1895 971 1956 decretalium
991 1896 1166 1974 amputatis.
1198 1929 1201 1936 ·

437 1994 566 2055 Ln1s1us
586 1981 769 2056 rossanus
783 1991 933 2074 (Tonans)
949 1995 979 2054 S.
1001 1995 1026 2054 I.
1042 1994 1105 2075 (ob.
1128 1993 1227 2073 1635).
1244 1994 1353 2055 Edidit
1371 1997 1609 2073 Disputationes

378 2092 412 2150 iu
431 2091 464 2150 2.
486 2093 518 2151 2.
538 2092 571 2151 S.
598 2094 703 2152 Thom.
735 2092 773 2152 ele
801 2092 881 2172 fide,
911 2111 981 2170 spe,
1005 2095 1173 2164 charitate,
1201 2093 1373 2170 prudentia
1397 2101 1425 2154 et
1455 2095 1605 2163 iustitia,·

378 2197 505 2250 tractat.
527 2191 564 2251 de
585 2193 716 2266 arctim·
731 2193 940 2268 opusculorum
962 2192 1130 2268 theoloaica
1144 2199 1217 2250 tom.
1233 2193 1253 2251 I
1258 2213 1270 2263 ,·
1281 2192 1476 2252 Selectarum
1500 2192 1605 2270 dupu-

378 2288 532 2347 tationum
546 2291 579 2348 in
601 2291 784 2365 theolooiam
804 2291 1026 2364 scholasticam,
1037 2293 1216 2368 positivum,
1239 2299 1268 2352 et
1288 2291 1438 2352 moralem
1449 2299 1545 2369 part.
1569 2292 1601 2352 3.

377 2387 525 2447 Summae
545 2389 713 2463 theotoniae
732 2390 860 2448 moralis
875 2371 963 2466 part.
986 2391 1020 2450 2.

436 2489 570 2548 laconas
590 2488 723 2548 Tmruus
754 2488 785 2548 8.
806 2489 830 2547 Ι.
853 2486 890 2568 (i
913 2487 1013 2567 1636).
1037 2489 1144 2549 EdidIt
1165 2489 1432 2550 Commentarium
1452 2490 1488 2548 in
1516 2489 1553 2550 V.
1575 2492 1604 2548 ct

287 2565 290 2624 Ῐ
378 2581 418 2643 Ν.
445 2584 575 2643 Testem.

436 2683 611 2743 Condamus
630 2701 650 2742 a
669 2685 787 2744 harma
807 2683 882 2764 (vau
896 2701 958 2746 nau
973 2684 1089 2764 Srunu)
1104 2686 1136 2745 S.
1153 2687 1178 2744 1.
1193 2685 1230 2763 (†
1247 2683 1518 2765 1637).1nugram
1536 2685 1602 2746 foro

380 2779 576 2856 Scripturam
590 2781 817 2857 interpretatus
838 2786 898 2857 est,
912 2783 1041 2860 eiusque
1062 2785 1277 2844 commentarii
1293 2785 1324 2844 in
1339 2785 1481 2864 singulos
1498 2786 1600 2846 libros

379 2878 560 2956 saepissime
581 2878 614 2948 In
635 2879 735 2939 lucem
758 2877 954 2958 prodierant.
1001 2909 1009 2917 ·

351 2993 354 2998 ’
382 2993 385 3000 ’
436 2976 600 3038 Ausonius
613 2978 713 3038 Panna
728 2979 804 3040 Oan.
823 2979 854 3039 S·
869 2981 946 3040 Bau.
958 2980 997 3063 (i
1012 2979 1110 3060 1637).
1124 2981 1340 3042 Eruditioncm
1355 2982 1421 3042 eius
1435 2986 1600 3044 testantur

377 3092 472 3151 opera
490 3075 678 3136 Anthentica
697 3077 773 3155 fidas
797 3079 952 3139 Matthaei
978 3081 1190 3140 controuersiis
1216 3081 1341 3155 unitata
1354 3065 1355 3068 ¹
1368 3087 1397 3139 et
1424 3080 1561 3141 discussa
1583 3111 1599 3124 -

377 3174 557 3232 authentica
582 3165 659 3253 fialas
687 3182 823 3251 quatuor
851 3178 1112 3252 eaanqelistarum
1137 3179 1349 3238 controversiis
1375 3179 1534 3238 catholicis
1554 3178 1601 3236 di-

376 3287 479 3328 scussa
490 3272 652 3347 ctayitnta
661 3273 876 3333 -Authentiea
889 3275 965 3352 fides
974 3261 1181 3351 apostolorum
1194 3277 1375 3353 ctepistolae
1384 3276 1427 3336 acl
1440 3279 1600 3337 Romanos

377 3399 397 3412 -
410 3369 589 3428 authentica
603 3368 680 3446 fides
699 3371 796 3429 Pauli
814 3388 906 3447 super
928 3373 958 3430 1.
980 3379 1009 3431 ct
1027 3374 1059 3432 2.
1083 3391 1128 3451 ep.
1151 3374 1194 3433 ad
1222 3375 1363 3433 Corinth.
1385 3376 1599 3436 controversiis

377 3464 532 3524 catholicis
551 3467 675 3541 unitata
689 3474 718 3526 et
731 3465 892 3528 discussa-
907 3471 1133 3530 Pentateuchus
1151 3472 1225 3550 fidei
1245 3473 1296 3530 lib.
1312 3473 1345 3530 5.
1360 3504 1381 3518 -
1392 3474 1517 3534 Laurea
1538 3473 1599 3534 sal-

377 3563 534 3635 mantino,
544 3563 605 3623 sive
616 3567 788 3625 certamina
801 3567 1014 3628 scholasticaet
1028 3570 1264 3646 arpositiaapro
1278 3569 1476 3646 adqutrerula
1486 3573 1598 3632 laurea

375 3661 584 3722 salmantinae
593 3664 800 3724 academiae·
812 3666 924 3724 Prima
930 3684 1007 3743 pars
1021 3669 1184 3738 voluminis
1198 3669 1437 3729 annotationum
1444 3671 1478 3729 in
1489 3672 1523 3730 C.
1538 3675 1594 3731 13.
1644 3657 1650 3667 ¹

375 3775 482 3817 sacros.
501 3779 610 3837 ecana.
624 3761 791 3822 seeundum
802 3763 911 3824 Ioann.
928 3767 1062 3826 secunda
1079 3785 1153 3826 vero
1166 3771 1199 3826 ct
1213 3766 1309 3827 tertia
1324 3785 1397 3843 pars
1412 3779 1596 3830 manserunt

378 3857 525 3917 iuchtae.
1161 3905 1163 3911 -

437 3957 571 4016 Ioannes
591 3975 630 4017 os
649 3960 769 4022 Pmsua
797 3962 827 4021 S.
858 3963 883 4020 Ι.
906 3961 942 4041 (†
966 3962 1065 4042 1637).
1100 3963 1211 4024 Edidit
1239 3967 1532 4028 commentariorum
1562 3973 1595 4030 iu

379 4053 428 4112 Iob
449 4053 499 4112 lib.
524 4054 577 4113 13.
597 4055 640 4113 De
658 4057 747 4116 rebus
760 4058 938 4118 'Salomonis
952 4060 1000 4120 lit.
1019 4062 1050 4119 8.
1068 4063 1311 4122 Praelectionem
1323 4080 1445 4122 sacram
1459 4066 1494 4124 in
1507 4077 1591 4128 cunt.

375 4153 566 4213 cantieorum
576 4173 587 4224 ;
608 4158 841 4230 commentarios
860 4159 894 4216 in
919 4159 1132 4221 Ecclesiastan.

436 4253 684 4314 Baarcnonanus
704 4255 845 4316 Gaurum
867 4257 945 4318 Oan.
967 4260 1065 4320 Banu.
1089 4258 1125 4338 (†
1151 4259 1251 4340 1638).
1284 4261 1470 4340 Liturgious
1501 4266 1591 4341 plane

378 4350 512 4427 insignis
534 4350 585 4410 eui
607 4349 747 4410 Clemens
768 4355 854 4414 VIII.
879 4357 1070 4416 concredidit
1090 4357 1245 4431 Missalis,
1266 4365 1299 4419 et
1313 4361 1471 4421 BravIarii
1495 4364 1594 4424 refor-

377 4444 554 4510 mationem.
577 4451 712 4511 Marime
736 4451 898 4527 vulgatum
919 4459 968 4512 ost
991 4455 1058 4514 eins
1081 4473 1157 4530 opus
1184 4455 1355 4518 Thesaurus
1383 4459 1439 4518 88.
1464 4462 1593 4521 Ilituum

373 4548 437 4610 sine
457 4553 681 4610 commentar-ln
710 4552 743 4610 in
772 4550 911 4609 rubricas
940 4552 1083 4623 Masulis,
1106 4561 1135 4613 ct
1163 4557 1321 4616 Breoe'urii
1345 4561 1481 4632 romani,
1505 4578 1592 4638 saepe
