3466 5362
670 329 712 350 .-
730 295 771 359 57
790 329 831 348 .-

621 459 801 528 sasoono
826 457 881 552 vr.

198 689 233 752 S.
253 689 374 754 Annos
395 690 553 754 Vinuusn.
574 687 612 773 (i.
635 709 663 752 a.
686 688 769 770 502).
792 691 969 770 Supersunt
981 709 1021 752 ex
1036 689 1182 769 operibus
1203 690 1271 752 eius
1285 691 1362 771 Epi-

126 791 234 850 stolae
244 790 302 863 88,
312 807 444 867 quarum
456 791 484 850 si
494 791 599 851 demas
612 807 667 850 sex
677 787 779 850 alieno
788 789 912 850 nomine
925 789 963 849 ab
984 789 1053 868 ipso
1068 789 1219 867 scriptas,
1236 790 1361 852 nonnisi

128 889 176 950 82
186 893 362 961 remanent,
375 905 508 965 quarum
530 889 610 948 aliae
631 888 826 967 dogmaticae
846 887 1026 962 scuteliae
1041 888 1079 948 ad
1094 887 1316 948 illustrandam
1328 889 1359 950 S.

131 986 337 1064 Scripturam
356 985 492 1060 iaciunt,
514 988 594 1048 aliae
617 1004 691 1046 vero
712 987 751 1046 ad
772 986 969 1064 disciplinam
991 985 1153 1046 Ecclesiae
1167 986 1328 1063 pertinent
1342 1020 1360 1033 -
1389 1026 1391 1030 -

132 1085 227 1144 Libri
246 1087 382 1161 quinque
401 1085 586 1146 Poematum
602 1085 639 1145 de
653 1085 808 1146 Moesicae
820 1085 965 1144 historiae
972 1084 1065 1160 paris
1079 1117 1096 1130 -
1110 1085 1228 1146 Poema
1243 1084 1280 1146 de
1293 1103 1360 1145 con·

132 1184 286 1243 solatoria
306 1183 399 1244 laude
437 1185 587 1244 castitatis
607 1182 650 1242 ad
669 1184 838 1245 Fuscinam
857 1200 993 1244 sororem
1014 1215 1031 1230 -
1051 1181 1191 1243 Humilia
1207 1182 1245 1244 de
1258 1186 1362 1260 nopa-

133 1282 279 1353 tionibus,
300 1281 348 1363 (in
368 1299 430 1358 qua
450 1282 580 1360 exponit
600 1283 681 1343 unde
695 1285 887 1344 consuetudo
901 1282 1100 1361 rogationum
1117 1280 1353 1362 dimanarerit).

136 1382 275 1440 Exstant
294 1379 390 1440 etiam
410 1379 588 1458 fragmenta
610 1381 772 1442 variorum
788 1383 1006 1458 opuscolorum
1019 1385 1052 1441 at
1067 1379 1246 1458 fragmenta
1266 1380 1355 1440 Libri
1430 1384 1436 1396 '

134 1477 175 1537 de
193 1478 363 1538 Divinitate
383 1478 436 1556 Sp.
457 1479 567 1540 Sancti
586 1485 616 1540 et
633 1479 742 1540 Sermo
763 1479 801 1540 de
821 1481 919 1541 Faria
940 1480 1034 1540 tertia
1062 1479 1097 1538 in
1124 1479 1358 1555 Ropationibus.

133 1577 216 1636 Fuit
236 1577 289 1636 vir
309 1577 484 1638 eruditione
505 1583 537 1639 at
556 1579 737 1655 eloquentia
756 1583 932 1656 praestans,
955 1578 1009 1655 qui
1030 1578 1206 1638 haereticos
1228 1594 1369 1677 errores⁴

132 1675 218 1734 mira
237 1675 359 1736 virtute
379 1677 547 1755 oppressit.
570 1677 675 1738 Editio
695 1677 814 1755 optima
833 1677 952 1756 prodiit
971 1677 1073 1738 Paris.
1096 1689 1147 1737 an.
1171 1676 1249 1738 1643
1272 1676 1306 1736 in
1325 1675 1355 1736 8.

133 1774 263 1834 auctius
284 1791 395 1836 recusa
414 1776 489 1836 ibid.
506 1793 556 1836 an.
581 1777 666 1836 1696.
1318 1829 1319 1832 ,

195 1876 366 1938 (lassamus
388 1875 441 1936 Er.
461 1876 632 1940 Amilcar
652 1876 690 1959 (i.
713 1896 741 1938 a.
765 1875 847 1956 502).
880 1878 1016 1956 Scripsit
1044 1893 1196 1937 sermones
1230 1876 1359 1938 circiter

135 1973 207 2045 150,
230 1974 285 2050 qui
307 1976 358 2034 vel
379 1976 417 2034 ad
438 1975 629 2053 scripturam
659 1975 888 2054 explicandam,
911 1975 962 2036 vel
992 1976 1030 2036 ad
1051 1992 1153 2051 mores
1175 1974 1356 2046 formandos

132 2073 319 2150 diriguntur
338 2106 355 2119 -
377 2076 535 2152 Epistolas
555 2082 616 2136 tres
635 2066 688 2156 (ad
709 2076 809 2136 vitam
830 2075 1037 2136 monasticam
1058 2073 1280 2154 pertinentes),
1295 2076 1356 2134 Ite-

135 2171 226 2246 pnlas
246 2171 337 2244 duos,
358 2189 457 2233 unam
471 2173 514 2233 ad
532 2174 673 2250 Viryines
685 2191 802 2247 samaa,
818 2175 951 2236 alteram
964 2173 1008 2235 acl
1021 2174 1197 2234 Monacluos.
1215 2172 1356 2249 Denique

139 2270 267 2347 scripsit
292 2272 532 2345 Testamentum,
548 2275 629 2349 quod
644 2272 776 2334 formam
796 2275 948 2352 epistolae
969 2275 1008 2334 ad
1030 2291 1243 2354 successorem
1265 2275 1356 2335 datae
1467 2269 1469 2278 ’

137 2391 211 2451 pree
224 2391 256 2433 se
270 2371 346 2446 lert,
361 2377 394 2434 at
406 2391 467 2450 quo
485 2371 568 2449 piam
590 2391 697 2433 auram
708 2373 905 2434 subditorum
917 2393 953 2434 ae
968 2374 1155 2454 pracsertim
1169 2372 1357 2432 monasterii

135 2491 155 2531 a
176 2489 208 2531 se
229 2471 349 2530 conditi
376 2473 579 2532 commendat.
611 2475 763 2534 Doctrina
792 2473 931 2535 Caesarii
962 2472 1135 2550 purissima
1165 2477 1226 2544 est,
1262 2475 1295 2530 et
1315 2472 1354 2530 ad

134 2589 237 2631 mores
258 2572 465 2631 efformandos
486 2571 661 2659 aptissima.
684 2563 893 2636 Nulla'entat
913 2572 1030 2644 Editio,
1053 2589 1132 2647 quae
1161 2571 1266 2632 omnia
1287 2570 1354 2630 eius

135 2690 229 2750 opera
250 2671 489 2748 complectatur.

192 2769 460 2852 Bosnn1us(f.a.
483 2769 565 2850 510).
587 2771 690 2848 Ipsius
712 2789 806 2849 opera
827 2789 917 2832 sacra
938 2774 1021 2832 sunt:
1046 2762 1153 2830 Br'eois
1172 2769 1247 2850 sida
1275 2771 1356 2830 chri-

131 2872 252 2930 stianae
271 2870 440 2947 complectio
460 2869 528 2952 (seu
551 2869 708 2930 confessio
729 2869 823 2950 fidei).
838 2872 930 2931 Liber
945 2868 1097 2946 quomodo
1117 2867 1254 2928 Trinitas
1273 2887 1353 2927 unus

133 2971 212 3028 Deus
231 2987 269 3028 ac
298 2986 360 3027 non
390 2976 451 3028 tres
473 2970 525 3029 liii
545 2968 730 3049 (Tractatus
754 2967 976 3047 brevissimus)
1002 2969 1112 3027 Utrum
1132 2969 1230 3028 Pater
1251 2973 1281 3027 et
1300 2967 1376 3026 Fi·-

34 3075 43 3081 ”
137 3067 194 3136 lius
213 3085 249 3126 ac
268 3067 404 3144 Spiritus
422 3067 556 3126 Sanctus
575 3065 613 3126 ule
633 3066 796 3126 diuinitate
824 3067 1068 3125 substantialiter
1090 3065 1314 3141 praedicentur
1336 3099 1353 3111 -
1409 3123 1416 3146 x

138 3165 228 3223 Liber
247 3164 283 3224 de
298 3182 432 3243 persona
452 3171 481 3224 et
510 3165 629 3224 dnabm
649 3165 771 3223 nataris
799 3171 909 3224 contra
929 3165 1093 3243 Eutychen
1121 3169 1150 3222 et
1176 3160 1352 3224 Nestorium

138 3262 316 3340 (Tractatus
338 3259 568 3340 brevissimusl:
591 3263 686 3324 Liber
706 3263 881 3340 inscriptus
900 3262 1055 3329 Quomodo
1067 3263 1256 3323 substantiae
1271 3263 1305 3322 in
1319 3283 1352 3325 eo
1412 3343 1413 3346 Ἴ

137 3360 219 3437 quael
234 3363 307 3434 siut·
322 3363 418 3422 bonae
438 3363 512 3435 nul,
532 3380 602 3422 cum
622 3379 685 3421 non
697 3363 760 3420 sint
771 3362 988 3422 substantialia
1007 3361 1096 3434 bone,
1107 3359 1190 3442 (seu)
1204 3380 1248 3422 an
1264 3379 1353 3423 amne

135 3459 215 3536 quael
234 3468 289 3531 eat,
311 3461 424 3520 tonum
455 3461 504 3520 sit.
531 3462 563 3521 Is
593 3461 768 3522 doctrinam
789 3460 977 3520 catholicam
1000 3461 1194 3538 argumentis
1217 3461 1350 3521 rationis

134 3557 193 3618 fide
212 3559 394 3620 illustratae
420 3560 598 3632 confirmat,
627 3561 674 3618 ita
695 3563 731 3619 nt
760 3559 959 3619 scholasticis
980 3557 1080 3619 facem
1101 3559 1289 3634 praetulisse
1304 3559 1351 3619 vi-

135 3658 253 3716 deatur.
277 3659 333 3718 Ed.
349 3659 499 3737 ¹Basileus
520 3677 571 3717 an.
596 3656 682 3717 1570.

191 3758 223 3816 S.
246 3759 449 3820 Eunonnmus
479 3758 575 3818 Ruso.
597 3756 634 3837 (f.
659 3775 687 3816 a.
718 3755 799 3836 510).
829 3757 930 3834 Opera
958 3757 1025 3816 eina
1055 3759 1233 3834 dogmatica
1262 3762 1347 3818 sunt:

132 3849 227 3916 Libri
236 3863 298 3916 tres
317 3856 360 3916 ad
380 3855 555 3922 Monimum
576 3887 593 3901 -
613 3855 702 3914 Libri
722 3863 784 3916 tres
803 3855 845 3916 ael
869 3853 1111 3916 Trasimunalum
1136 3869 1241 3932 repam
1266 3857 1350 3917 Van-

131 3956 273 4016 dalorum
294 3989 310 4001 -
332 3955 490 4033 Epistulae
510 3956 554 4014 18
575 3987 592 3999 -
613 3953 665 4014 Aa
674 3955 806 4014 Felicem
820 3952 989 4014 Notarium
1002 3953 1040 4014 de
1055 3953 1140 4016 Trin.
1156 3947 1247 4018 Liber
1271 3977 1351 4018 uuus

135 4056 291 4114 -Contra
318 4073 488 4116 sermonem
517 4053 684 4113 Fastidiasi
711 4053 827 4113 Ariani
856 4053 900 4112 acl
934 4049 1094 4114 Victorem
1110 4054 1203 4116 Liber
1230 4074 1311 4114 unus
1332 4088 1349 4102 -

134 4282 159 4324 D.
168 4279 263 4324 missu
274 4277 381 4324 christi.
391 4299 418 4312 -
435 4280 563 4331 capitula
577 4281 611 4322 30
626 4281 725 4322 contra
734 4276 863 4322 Seaerrnn
878 4277 1107 4333 Monacensltam,
1118 4281 1345 4326 ottersoluttonts

134 4354 358 4402 ornamentorum
373 4359 390 4394 a
402 4349 499 4394 Seuera
514 4351 680 4404 omentorum
694 4369 721 4384 -
735 4352 812 4394 Lloer
827 4354 926 4396 contra
940 4353 1057 4402 fraudes
1072 4355 1347 4405 apollinaristarum.

132 4424 273 4478 supersunt
293 4422 404 4479 danique
425 4421 554 4468 nonnulla
574 4421 729 4479 fragmenta
751 4424 786 4469 ao
808 4427 834 4468 Α.
850 4421 922 4479 Majo
942 4422 1048 4470 detecta
1065 4424 1180 4479 (collect.
1195 4426 1269 4472 Nova
1290 4430 1347 4474 vet.
1394 4461 1398 4468 .

133 4495 294 4550 scriptorum
316 4497 343 4538 Τ.
358 4495 431 4548 vll).
446 4495 652 4542 Panosroaorus
666 4496 759 4552 patria
773 4493 915 4552 cappadox
929 4496 956 4541 et
971 4493 1101 4553 religione
1116 4489 1239 4552 arianus,
1254 4500 1346 4546 conte-

133 4565 188 4610 xuit
203 4568 339 4612 natoriae
353 4567 523 4612 licentior-os
538 4569 571 4610 12
585 4567 619 4612 ab
633 4567 737 4625 origine
752 4567 866 4616 arianas
880 4567 1126 4626 assumamusque
1137 4569 1171 4618 ad
1182 4581 1281 4618 anuum
1295 4573 1346 4620 05.
