3404 5360
106 432 237 497 nature,
258 428 280 484 d
301 423 399 484 l'ttat
427 423 465 483 de
485 423 601 483 sedete
621 429 651 483 ct
669 440 738 481 sous
759 421 905 502 l'empire
918 423 955 484 dc
970 424 1001 484 la
1023 425 1071 484 loi.
1086 425 1257 485 -Discours
1273 443 1328 484 sur

96 522 129 580 la
158 521 289 582 divinite
309 523 346 582 de
367 525 398 582 la
418 523 505 582 oraio
525 521 658 598 relipion
681 553 699 566 -
716 521 894 597 Refieaions
913 541 968 582 sur
982 521 1013 582 la
1034 523 1148 584 theoria
1162 531 1191 584 et
1211 525 1242 583 la
1251 541 1329 602 pra·

90 620 179 695 tique
200 619 237 681 dc
259 619 453 682 l’edncation
474 625 582 680 contre
603 619 643 680 les
667 620 825 697 principes
845 621 882 680 de
895 621 955 681 J-J.
971 623 1126 682 Rosuseau
1138 623 1257 701 -Opus
1273 624 1325 683 cui

87 717 209 777 titulus
230 719 379 779 uirtutem
394 709 552 796 politicam
569 716 612 776 ad
625 720 776 795 optimum
789 725 906 778 statum
922 737 984 778 non
999 721 1104 779 minus
1117 739 1215 796 repno
1229 739 1325 798 quam

85 817 280 892 reipublicae
301 817 506 878 neeessariam
522 833 582 876 esse
598 849 614 862 -
629 817 673 875 De
685 817 786 876 causis
804 817 1057 877 academicorum
1079 818 1325 897 disputationum

88 913 122 970 in
147 914 337 990 theolopiam
358 916 508 976 moralem
529 914 732 974 inductorum
753 949 770 960 -
793 915 966 993 Disputatio
988 917 1025 976 de
1044 917 1207 993 relipionis
1229 919 1328 977 virtu-

88 1011 192 1087 tisque
212 1013 356 1089 politicae
375 1013 588 1074 coniunctione
611 1044 628 1057 -
651 1013 885 1073 Elementorum
905 1015 1032 1073 moralis
1048 1015 1241 1092 prudentiae
1261 1033 1326 1093 spe·

86 1111 189 1169 cimen
210 1144 231 1157 -
251 1103 469 1172 Introduction
489 1115 510 1170 d
531 1109 642 1171 l'etude
664 1109 701 1170 de
724 1111 755 1170 la
775 1111 907 1188 relipion
928 1129 1000 1171 aoec
1021 1113 1052 1171 la
1071 1093 1246 1189 refutation
1275 1113 1326 1172 des

84 1209 283 1286 philosophos
296 1212 421 1270 anciens
436 1217 466 1270 et
479 1208 641 1269 modernus
655 1209 806 1269 touchant
820 1193 918 1269 l'Etre
931 1227 1083 1288 supreme,
1100 1209 1252 1272 l’tternitt
1267 1217 1322 1272 etc.

86 1307 279 1383 Eaposition
301 1307 352 1369 des
372 1313 545 1368 caracteres
566 1307 603 1366 de
624 1307 654 1364 la
676 1307 762 1366 craie
783 1307 915 1383 relipion
938 1341 953 1354 ·
975 1309 1178 1368 Dissertation
1191 1327 1227 1366 su
1242 1307 1325 1367 l’ori·

86 1405 166 1479 pine
188 1405 232 1464 du
251 1424 320 1466 sens
339 1407 451 1478 moral,
473 1425 528 1464 sur
549 1403 731 1466 l'eaistence
753 1405 790 1466 de
811 1407 901 1478 Diem,
925 1404 1178 1466 l'immoterialitd
1192 1405 1324 1465 dessal-

84 1509 209 1564 stanees
226 1505 461 1579 intellipentes-
473 1505 691 1564 Dissertations
704 1523 758 1563 sur
774 1505 815 1564 les
828 1503 979 1564 ttudesde
994 1505 1169 1580 lajeunesse
1185 1537 1199 1549 ·
1215 1503 1326 1580 Projet

83 1618 172 1677 pour
194 1599 213 1658 l’
223 1601 448 1662 ttablissement
469 1600 545 1670 d'un
559 1603 733 1662 Seminaire
748 1635 764 1647 ·
780 1603 872 1661 Essai
892 1600 922 1659 d'
933 1603 1118 1660 instruction
1134 1602 1325 1678 theolopique

86 1701 180 1757 ason
195 1716 290 1774 usaue
304 1732 324 1744 -
343 1699 495 1776 Opuscula
515 1699 559 1759 ad
578 1701 806 1760 hierarchicam
822 1700 979 1759 Ecclesiae
993 1699 1240 1759 constitutionem
1261 1715 1326 1775 spe·

86 1797 214 1855 etantia
225 1827 242 1840 -
257 1796 297 1855 in
309 1797 575 1858 commentarium
590 1817 610 1857 a
619 1798 737 1856 Iustino
751 1797 905 1857 Febronio
919 1797 953 1854 in
966 1814 1055 1855 suam
1070 1796 1326 1855 retractationem

85 1892 210 1953 editum
230 1894 514 1955 animadversiones
535 1929 550 1941 -
574 1893 797 1971 Confutatione
812 1894 863 1954 dei
875 1893 992 1953 sistemi
1006 1894 1159 1954 contrarii
1180 1890 1325 1951 all’auto-

85 1992 156 2050 rita
178 1990 260 2052 della
283 1991 391 2052 Ghiesa
411 1993 495 2052 circa
515 1993 539 2050 il
559 1994 760 2052 matrimonio
780 2025 800 2037 -
823 1992 928 2051 Procis
948 1990 999 2051 des
1025 1991 1144 2078 deopirs
1164 1989 1217 2050 des
1232 1989 1324 2066 prin-
1369 2025 1372 2030 -

86 2089 210 2165 cipaun
228 2093 306 2150 ttats
326 2089 363 2150 de
384 2089 414 2150 la
434 2091 540 2151 socittt
558 2123 580 2136 -
599 2089 789 2150 instruction
808 2109 863 2149 sur
887 2091 927 2149 les
950 2087 1126 2165 differentes
1150 2105 1254 2148 causes
1285 2085 1323 2145 de

88 2186 121 2245 la
141 2186 308 2261 prandeor
329 2187 409 2248 etde
423 2189 455 2247 la
470 2187 659 2248 destruction
681 2189 732 2248 des
753 2193 832 2248 ttats
850 2221 871 2233 -
892 2188 970 2250 Avis
989 2205 1044 2246 sur
1058 2187 1089 2246 la
1104 2187 1216 2246 lecture
1243 2191 1272 2244 et
1292 2184 1324 2243 la

88 2283 183 2342 choia
197 2284 250 2345 des
264 2285 337 2344 bons
351 2286 440 2346 liores
453 2319 471 2330 -
490 2287 594 2346 Traitt
608 2285 638 2343 d'
648 2287 773 2346 histoire
793 2287 959 2357 naturelle‚
974 2291 1142 2344 contenent
1161 2285 1202 2344 les
1213 2299 1324 2357 repnes

89 2383 239 2453 mineral,
262 2385 384 2459 oepetal
403 2385 582 2444 etanimal.
606 2417 626 2430 -
649 2385 814 2464 Tractatus
835 2384 872 2444 de
890 2384 1035 2461 primatu
1063 2382 1189 2441 romani
1214 2380 1324 2439 Ponti—

87 2482 169 2560 ficis,
192 2481 230 2541 de
249 2485 370 2559 pratia,
382 2482 420 2543 de
434 2483 562 2558 lapibus,
578 2482 615 2543 de
629 2483 747 2542 actibus
760 2483 919 2555 humanis,
934 2480 972 2541 de
985 2487 1094 2540 mutuo
1107 2512 1124 2525 -
1141 2479 1322 2540 Dissertatio

88 2585 203 2639 contra
223 2581 417 2658 Puffcndors
435 2581 473 2640 de
492 2599 589 2642 usura
610 2615 627 2626 -
650 2583 770 2642 Causae
786 2581 997 2659 philosophiae
1017 2579 1154 2639 moralis.

152 2679 271 2740 Lucius
285 2679 444 2742 Fanensis
455 2682 533 2742 One.
549 2678 678 2759 M1s.(†
696 2680 799 2760 1760).
816 2679 924 2740 Edidit
938 2678 1148 2738 bibliothecam
1156 2675 1324 2737 iuridicam

89 2779 276 2838 canonicam
297 2785 351 2838 etc.

155 2876 363 2938 Leunsnunss
384 2877 484 2938 Bnnrr
505 2876 583 2937 Onu.
601 2877 631 2936 S.
658 2875 893 2956 Aususr1n1(†
916 2875 1017 2955 1766).
1040 2874 1178 2952 Scripsit
1202 2873 1325 2933 Theolo-

88 2975 179 3050 piam
211 2973 783 3050 historico-dopmaticoscholasticam‚
806 2993 860 3034 seu
882 2973 980 3032 libros
1001 2973 1042 3032 37
1067 2974 1102 3032 de
1133 2970 1321 3047 theologicis

89 3072 284 3150 disciplinis,
300 3092 378 3150 opus
393 3091 523 3152 magnae
544 3074 668 3149 quidem
682 3072 930 3132 existimationis
946 3089 1004 3130 sua
1021 3073 1139 3141 aetate,
1161 3069 1214 3127 sed
1229 3067 1321 3144 parvi

91 3170 240 3247 ponderis
262 3203 282 3215 -
302 3170 476 3232 Historiam
498 3171 741 3244 ecelesiasticam,
767 3171 835 3230 sive
862 3169 1115 3238 dissertationes,
1140 3171 1173 3226 et
1193 3165 1323 3224 Brevia-

94 3267 182 3326 rium
214 3269 360 3330 historiae
390 3269 605 3331 ecclesiasticae
633 3270 715 3346 quod
746 3273 849 3331 tamen
875 3267 963 3327 nullo
995 3266 1104 3326 ordine
1135 3283 1171 3325 ac
1203 3262 1321 3324 iudicio

94 3367 341 3427 commendatur.
1005 3357 1006 3361 ¹
1205 3377 1207 3380 ’

155 3467 288 3528 'i'nonse
308 3483 350 3527 ax
371 3468 519 3529 Gaianas
539 3468 616 3529 Onu.
637 3469 710 3529 Gne.
733 3466 876 3542 Reliquit
895 3483 1021 3526 cursum
1040 3465 1074 3524 S.
1101 3463 1283 3540 Theolopiae
1296 3463 1319 3522 ¹.

149 3567 348 3627 Vnsunnunss
368 3558 464 3627 Onne.¹
486 3567 605 3627 Perae.
628 3565 736 3625 Edidit
756 3559 883 3625 erudita
899 3564 1132 3624 Commentario
1146 3566 1180 3622 in
1204 3565 1322 3623 Consti-

90 3663 227 3722 tutiones
257 3664 448 3740 Apostolicos
466 3663 486 3723 5
507 3663 720 3723 voluminibus
753 3663 976 3740 comprehensa
1005 3665 1038 3720 et
1072 3660 1255 3720 tractatum
1282 3659 1320 3722 de

16 3777 19 3784 ’
90 3762 194 3822 Sacra
216 3761 467 3824 Paenitentiama
486 3763 672 3840 Apostolica.

152 3861 330 3923 Donnucus
351 3863 455 3923 Missi
476 3861 576 3924 Anca.
597 3859 636 3942 (†
658 3859 760 3940 1769).
784 3859 892 3922 Edidit
906 3859 1131 3937 prolepomena
1151 3876 1188 3920 ac
1213 3859 1321 3921 duser-

89 3959 222 4019 tationes
241 3960 274 4017 in
293 3961 402 4020 Libros
424 3961 535 4022 Sacros
554 3991 575 4006 -
595 3961 631 4020 In
651 3959 786 4020 iatinum
816 3959 917 4018 vertit
944 3959 1168 4020 dictionarium
1193 3967 1222 4022 et
1241 3978 1321 4021 com·

89 4057 249 4116 monteria
268 4058 309 4118 A.
334 4058 455 4118 Calmet
474 4060 508 4117 in
527 4058 561 4118 S.
584 4057 795 4135 Scriptorum,
818 4065 848 4117 et
869 4057 1064 4135 disciplinam
1090 4061 1319 4120 eceteuasttcam

88 4157 126 4215 L.
163 4155 377 4216 ihomassinii.
417 4154 538 4217 Nouam
567 4156 772 4216 collectionem
808 4155 1016 4216 Consiliorum
1050 4157 1218 4217 adornavit
1248 4172 1319 4215 cnm

131 4343 141 4385 1
153 4341 475 4389 ci.(tuaa1nnnvsnasno
483 4345 623 4390 viofflnos.
631 4345 694 4388 oen.
706 4341 872 4388 cinaedulis
882 4341 1049 4388 laboriosum
1060 4351 1164 4399 opueex
1173 4341 1255 4386 theol.
1263 4351 1319 4386 mo·

90 4413 145 4460 raii
167 4413 309 4469 charmes,
326 4414 396 4470 Gury
420 4415 447 4460 et
469 4415 577 4462 scavini
591 4415 787 4466 concinnatum.
803 4413 829 4457 in
846 4424 897 4470 quo
911 4414 1036 4471 singulae
1059 4412 1230 4470 quaestiones
1248 4422 1318 4469 quae

90 4484 117 4529 in
125 4484 177 4528 hac
185 4483 329 4542 disciplina
339 4485 424 4530 solent
436 4485 542 4543 agitari
552 4487 660 4544 egregie
674 4486 891 4542 pertractantur,
899 4486 1033 4542 pluraque
1044 4483 1186 4531 addiditde
1194 4495 1318 4542 suoquae

90 4555 254 4610 praesertim
269 4556 303 4603 ad
319 4555 482 4604 recentiores
495 4557 634 4614 practicae
649 4556 819 4614 quaestiones
835 4555 997 4603 referuntur.

1198 4665 1213 4712 9
