3466 5362
925 351 965 370 ·-
983 325 1024 386 rs
1043 353 1082 368 -
1107 297 1109 303 ’

883 483 1063 544 sancum
1084 485 1122 544 v.

454 717 487 776 S.
515 719 671 778 Hmanius
700 715 879 778 Anatarnu.
900 717 938 797 (i.
970 736 998 777 a.
1022 717 1104 796 400).
1135 717 1238 793 Opera
1267 716 1335 776 eius
1356 717 1442 774 sunt
1466 713 1588 774 Sermo
1608 712 1643 769 de

399 815 470 874 Vita
491 814 525 874 S.
546 815 702 874 Honorati
716 815 958 890 praedecessoris
985 817 1034 874 sui
1054 847 1071 860 -
1093 815 1236 892 Epistola
1263 813 1307 872 ad
1325 815 1358 874 S.
1388 813 1608 872 Eucherium
1628 845 1644 855 -

394 915 502 972 Sermo
521 931 574 972 seu
594 915 738 972 narratio
768 913 805 973 de
834 914 985 972 miraculo
1004 915 1038 976 S.
1064 914 1185 974 Genesii
1204 913 1359 991 Martyris
1386 912 1608 972 Arelatensis
1628 943 1644 955 -

398 1011 534 1072 Carmen
552 1012 587 1070 in
606 1013 709 1072 natali
736 1012 998 1074 Macchabaeorum
1029 1013 1220 1090 Martyrum.
1249 1010 1321 1070 Alia
1342 1011 1444 1088 plura
1467 1010 1548 1068 eius
1572 1027 1647 1086 opu-

397 1110 485 1170 scula
514 1113 687 1187 temporum
718 1110 836 1172 iniuria
866 1110 1097 1170 interciderunt
1119 1142 1135 1156 ·
1158 1109 1350 1186 Disciplinae
1380 1108 1646 1169 ecclesiasticae

397 1206 460 1266 fuit
481 1212 628 1268 strenuus
652 1209 765 1269 vindex
785 1228 821 1269 aa
842 1207 978 1268 maximo
999 1209 1125 1285 ingenio
1146 1208 1269 1286 polluit.
1290 1207 1392 1284 Opera
1413 1206 1498 1266 eius
1528 1223 1647 1264 recusa
1703 1174 1706 1252 r

397 1307 472 1364 sunt
492 1325 510 1365 a
530 1306 711 1366 Balleriniis
726 1308 759 1366 in
773 1305 909 1366 editione
928 1307 1063 1383 Operum
1084 1305 1115 1366 S.
1138 1305 1263 1366 Leonis.

456 1405 658 1476 Ppunnnnius
677 1402 715 1483 (f.
738 1423 766 1464 a.
789 1402 872 1482 405).
894 1403 1030 1481 Scripsit
1049 1403 1156 1464 Libros
1175 1405 1208 1462 2.
1235 1410 1345 1464 contra
1358 1403 1611 1482 Symmachum
1626 1433 1643 1446 -

395 1500 589 1577 Apotheosi'm
607 1521 660 1564 seu
679 1503 808 1562 Librum
829 1502 865 1562 de
885 1503 1053 1562 Diviniiate
1074 1534 1091 1547 -
1111 1503 1390 1578 Hamartipeniam
1418 1521 1482 1564 seu
1507 1517 1645 1560 carmen

399 1599 435 1660 de
456 1602 576 1676 oriyine
592 1609 790 1679 peccatorum
811 1633 828 1646 -
852 1571 1090 1662 Cathemerinon
1108 1621 1161 1662 seu
1181 1603 1311 1662 Librum
1338 1604 1547 1679 hymnorum
1571 1615 1647 1674 quo-
1705 1605 1706 1690 p

398 1697 591 1758 tidianorum
611 1733 629 1744 ·
648 1702 896 1778 Peristephanon
916 1705 948 1759 et
968 1701 1119 1778 Diptycon
1139 1719 1193 1760 seu
1215 1698 1421 1760 Enchimolion
1442 1699 1489 1779 (i.
1517 1717 1549 1760 e.
1577 1698 1645 1756 Ma·
1705 1735 1706 1738 =

398 1798 491 1856 nuale
511 1801 550 1858 V.
573 1802 605 1859 et
624 1801 665 1860 N.
698 1796 915 1877 Testamenti).
947 1798 1138 1859 Prudentius
1167 1801 1331 1876 poetarum
1360 1796 1642 1858 Christianorum

351 1951 357 1964 ,
396 1888 529 1971 optimus
551 1897 695 1957 habetur.
715 1898 907 1957 Eidebemus
919 1895 1161 1972 descriptionem
1175 1896 1338 1956 cuiusdam
1352 1895 1638 1968 basilicae,'quae

395 1993 573 2054 labentibus
594 1996 686 2055 annis
708 1995 816 2072 periit,
838 1999 871 2054 et
897 1993 1003 2054 cultus
1033 2012 1123 2070 quem
1152 1994 1321 2053 christiani
1350 1992 1564 2052 exhibebant
1587 1989 1637 2050 SS.

399 2091 607 2180 Martyribus.

458 2191 625 2252 Suurmrus
655 2192 792 2253 Serenus
821 2189 859 2270 (f.
883 2211 911 2250 a.
934 2187 1018 2268 405),
1050 2189 1099 2250 Ex
1129 2191 1196 2250 eius
1219 2190 1349 2268 scriptis
1373 2189 1537 2250 habemus
1563 2186 1635 2244 duos

401 2285 509 2347 libros
528 2288 685 2348 Historiae
713 2290 831 2348 Sacrae
860 2292 1011 2350 amundo
1041 2291 1166 2350 condito
1186 2309 1284 2366 usque
1305 2293 1344 2350 ad
1364 2309 1413 2350 an.
1436 2295 1520 2368 post
1544 2288 1638 2350 chri-

399 2390 482 2445 stum
503 2386 572 2446 loo.
596 2421 613 2433 -
638 2388 742 2448 Vitam
763 2387 794 2446 S.
816 2388 961 2459 Martini,
983 2406 1019 2447 ac
1042 2389 1078 2448 de
1105 2395 1203 2449 morte
1232 2407 1268 2448 ae
1287 2389 1451 2448 virtutibus
1485 2388 1635 2450 eiusdem

398 2484 509 2544 Sancti
527 2488 684 2564 Epistulas
703 2494 776 2559 tres,·
798 2487 927 2562 denique
949 2491 1015 2546 tres
1036 2487 1130 2546 etiam
1159 2475 1306 2564 Dialoyos
1335 2489 1418 2548 inter
1441 2488 1586 2547 Gallum
1608 2489 1636 2543 et

400 2584 659 2644 Posthumian'um
679 2587 807 2656 habitos,
829 2603 961 2660 quorum
981 2586 1100 2662 primus
1115 2587 1152 2644 de
1167 2587 1394 2647 Monachorum
1407 2587 1633 2648 Orientalium

399 2682 574 2741 virtutibus
596 2688 627 2743 et
648 2684 824 2754 miraculis,
847 2683 960 2759 reliqui
982 2685 1041 2742 duo
1062 2683 1098 2742 de
1113 2685 1145 2743 S.
1162 2685 1297 2746 Martini
1312 2685 1491 2744 virtutibus
1508 2687 1631 2764 agunt.
1704 2640 1706 2767 1

400 2784 449 2844 Ex
470 2781 580 2840 multis
602 2783 669 2842 eius
691 2783 849 2859 Epistolis,
871 2789 985 2859 septem
1006 2781 1276 2844 circumferuntur
1301 2783 1408 2843 Severi
1429 2784 1563 2844 nomine
1587 2783 1634 2839 in·
1704 2776 1705 2812 ¹

401 2879 551 2956 scriptae,
574 2898 706 2955 quarum
728 2881 855 2941 ultimae
875 2885 1022 2956 quatuor,
1046 2881 1266 2958 supposititiae
1287 2885 1470 2942 noscuntur.
1500 2881 1633 2941 Editio-

399 2996 466 3038 nem
491 2979 581 3038 valde
603 2983 776 3040 correctam
797 2978 883 3040 dedit
901 2979 1113 3058 Hieronymus
1135 2981 1171 3039 de
1191 2981 1288 3041 Prato
1309 2999 1391 3040 anno
1409 2979 1496 3041 1741.

402 3151 476 3202 nant,
500 3149 540 3194 vel
565 3148 657 3195 laudes
681 3149 839 3196 Sanctorum
863 3149 1030 3206 praedicant.
1053 3171 1079 3185 -
1102 3151 1282 3194 TIMOTHEUS
1304 3149 1352 3194 ΕΡ.
1378 3143 1629 3194 ALEXANDRINUS

403 3221 430 3274 t†
445 3231 470 3265 a.
484 3221 533 3274 385)
547 3223 655 3276 praeter
671 3223 815 3266 historiam
830 3225 1025 3268 monachorum
1040 3222 1116 3267 hodie
1141 3222 1309 3279 deperditam
1323 3221 1350 3265 et
1366 3222 1629 3272 orecemepistaiam

404 3295 442 3337 aci
464 3295 613 3338 Diodorum
638 3296 703 3347 Tyri
723 3295 888 3351 Episcopum,
904 3305 984 3349 quam
1007 3294 1145 3338 Facundus
1166 3293 1327 3346 asservavit,
1353 3293 1464 3350 reliquit
1485 3295 1630 3345 responsa
1703 3246 1706 3382 Α

406 3368 551 3416 tanaitica,
567 3376 636 3422 quae
650 3365 776 3420 Epistoiis
790 3365 925 3410 canonicis
939 3375 973 3410 ss.
989 3367 1100 3410 Petrum
1115 3366 1217 3410 inserta
1232 3365 1382 3419 habentur,
1397 3366 1423 3410 et
1440 3363 1519 3410 varia
1535 3359 1625 3408 dubia

408 3437 438 3480 de
452 3437 634 3484 ecclesiastica
649 3437 791 3493 disciplina
813 3437 878 3481 scite
901 3436 1016 3481 solvunt.
1031 3457 1058 3469 ·-
1072 3437 1096 3480 S.
1113 3437 1251 3482 Macarius
1266 3438 1364 3479 Samon
1375 3435 1403 3490 (ψ
1414 3447 1439 3481 a.
1453 3435 1546 3480 aconei
1563 3430 1626 3484 391).
1704 3382 1706 3517 γ

408 3507 460 3552 suh
478 3507 535 3564 ejus
551 3509 656 3554 nomine
672 3508 897 3554 circumferuntur
917 3510 1045 3552 homiliae
1055 3510 1089 3550 50
1103 3513 1130 3552 ei
1146 3513 1278 3560 opuscula
1292 3511 1394 3558 septem
1408 3511 1534 3560 ascetiea,
1553 3513 1627 3563 quae
1705 3520 1706 3532 r

405 3582 528 3628 tractant
539 3581 667 3628 secordis
678 3580 807 3635 custodia,
818 3581 849 3626 de
860 3579 1020 3636 perfectione
1035 3579 1183 3638 spirituali,
1197 3579 1328 3632 oratione,
1339 3579 1472 3635 patientia
1483 3580 1533 3625 ete.
1549 3574 1627 3624 haud
1704 3567 1706 3711 p

408 3652 543 3698 immerito
561 3655 650 3700 tamen
665 3653 699 3700 ob
714 3653 851 3698 silentium
866 3653 995 3706 veterum,
1010 3653 1036 3696 et
1052 3651 1167 3709 vestigia
1187 3650 1444 3707 semipelagianismi
1460 3651 1518 3696 illic
1539 3650 1626 3697 obvia

415 3724 565 3778 dubitatur,
587 3727 679 3770 utrum
694 3727 718 3769 s.
734 3723 884 3778 Macarius,
900 3734 933 3770 an
954 3723 1043 3770 iunior
1063 3724 1163 3780 aliquis
1181 3722 1297 3780 scriptor
1317 3733 1393 3778 quem
1410 3725 1440 3768 Η.
1457 3726 1478 3768 J.
1493 3723 1568 3768 Floss
1586 3721 1628 3766 si·
1705 3720 1706 3725 ’

411 3806 529 3842 meonem
556 3798 764 3854 metaphrasten
791 3807 847 3842 esse
858 3797 1002 3851 contendit,
1020 3795 1130 3842 illorum
1145 3806 1255 3852 operum
1272 3797 1366 3840 auctor
1382 3796 1426 3842 sit.
1440 3819 1467 3831 -
1485 3797 1626 3842 Maenalus

412 3868 506 3914 lumen
521 3869 548 3922 (†
563 3878 589 3913 a.
603 3869 653 3921 395)
666 3868 708 3914 cui
724 3867 856 3913 tribuitur
879 3879 895 3914 a
916 3868 1050 3913 nonnuliis
1070 3870 1164 3913 Sermo
1185 3871 1218 3912 ae
1238 3877 1348 3912 accessu
1362 3873 1497 3914 iustorum
1516 3873 1543 3912 ei
1559 3875 1626 3921 pee-

409 3943 551 3992 catorum,
566 3949 692 3994 quorsum
707 3939 810 3986 scilicet
828 3950 920 3985 eorum
937 3939 1044 3985 animae
1064 3951 1078 3985 e
1098 3951 1210 3996 corpore
1228 3939 1377 3996 demigrant
1399 3951 1431 3986 ac
1450 3941 1580 3996 quomodo
1596 3948 1624 3984 se

406 4012 540 4067 habeant;
555 4013 581 4056 et
594 4011 619 4056 S.
632 4011 750 4056 Mauorti
764 4014 949 4056 Aienanarini
963 4014 1066 4056 aetatis
1081 4014 1229 4056 Nitriensis
1242 4015 1347 4064 Reunia
1363 4015 1399 4056 aot
1415 4013 1564 4057 Monachos
1578 4009 1624 4057 cui

411 4085 520 4132 adiecta
535 4083 574 4128 est
590 4082 704 4138 epistola
720 4085 857 4130 monachis
872 4073 1003 4140 inscripta
1012 4085 1038 4129 et
1049 4083 1166 4140 egregiis
1184 4083 1322 4128 sententiis
1336 4083 1624 4130 referia-uvacmus

325 4145 330 4166 “’
406 4159 534 4204 Pourrcus
552 4155 585 4208 (fl.
597 4164 622 4199 a.
630 4154 688 4208 380).
698 4155 735 4198 Ex
749 4154 806 4200 eius
821 4153 945 4210 operibus
955 4156 1097 4210 supersunt
1110 4155 1261 4199 Monachus
1272 4165 1317 4200 seu
1329 4157 1361 4199 de
1371 4159 1429 4200 vita
1440 4158 1529 4200 activa
1538 4156 1622 4204 (liner

409 4230 575 4282 practicus),
591 4237 642 4282 quo
657 4225 683 4270 in
698 4225 799 4282 scripto
813 4225 923 4282 egregia
938 4226 1012 4272 vitae
1027 4225 1170 4272 sanctioris
1183 4229 1329 4283 praecepta
1341 4227 1437 4276 tradit:
1448 4230 1553 4272 Rerum
1567 4237 1624 4271 mo-

406 4302 569 4345 nachalium
585 4301 708 4342 rationes
722 4307 790 4352 quae
810 4297 931 4342 undecim
947 4297 1083 4354 capitibus
1101 4298 1225 4344 exhibent
1245 4299 1451 4344 delineationem
1470 4297 1618 4344 officiorum

409 4369 570 4417 conditionis
585 4368 758 4416 monasticae:
773 4371 888 4414 Libellus
898 4371 931 4413 cte
941 4374 999 4414 octo
1014 4372 1119 4413 uitiosis
1134 4373 1349 4427 continuantium
1364 4373 1463 4418 Variae
1471 4373 1620 4414 sententiae

412 4442 523 4498 breves,
540 4453 607 4500 quae
622 4441 657 4487 ad
672 4440 756 4486 vitam
773 4439 952 4495 spiritualem3
970 4440 1068 4484 ducunt
1082 4443 1236 4486 Sententiae
1252 4445 1288 4487 aa
1302 4453 1364 4492 eos,
1381 4446 1426 4494 qui
1441 4445 1470 4484 iu
1486 4444 1619 4486 coenobiis

406 4515 534 4558 habitant
548 4526 596 4560 nec
610 4525 660 4560 non
674 4514 825 4558 sententiae
840 4513 876 4555 aa
894 4512 1016 4562 Viraines
1032 4515 1241 4563 Democrates,
1257 4515 1284 4558 in
1300 4513 1395 4570 quibus
1411 4513 1558 4560 Proverbiis
1572 4515 1617 4558 Sa·

407 4583 531 4631 ‚lomenia
546 4586 670 4632 imitatus
684 4586 732 4630 est.
747 4583 891 4638 supersunt
906 4581 1016 4638 dentque
1030 4581 1183 4640 fragmenta
1197 4595 1228 4630 ex
1244 4585 1307 4632 aliis
1322 4583 1431 4640 scriptis
1441 4584 1592 4641 deperditis.
