3466 5362
399 402 457 464 His
478 407 630 468 accedunt
644 405 858 469 Hannlmeron
880 435 897 449 -
919 404 955 464 L.
977 403 1014 464 de
1035 403 1188 468 Parmae
1210 437 1227 450 ·
1248 406 1336 466 Libri
1355 408 1389 466 2.
1418 407 1463 468 de
1503 409 1587 470 Cain
1609 418 1635 468 el

399 501 474 562 Abel
494 535 510 548 ··
531 505 568 562 L.
591 503 628 564 de
647 501 712 562 Nol
731 509 760 562 et
779 501 862 562 Area
884 533 899 548 -
920 503 1009 562 Idbri
1028 505 1061 564 2.
1085 503 1122 562 de
1141 502 1302 564 Abraham
1325 535 1341 550 -
1363 505 1401 565 L.
1430 505 1475 566 de
1496 507 1590 568 Isaac
1611 516 1638 568 et

398 601 506 662 anima
527 633 543 648 -
565 603 601 664 L.
625 601 662 661 de
682 601 758 660 bono
779 602 887 660 mortis
906 634 923 646 ·
944 602 980 660 L.
1002 600 1039 660 de
1058 604 1141 678 sapa
1154 603 1266 662 sannli
1287 634 1303 648 -
1325 603 1420 662 Libri
1435 603 1471 664 2.
1489 604 1532 664 de
1547 606 1635 666 Iacob

398 705 427 758 et
447 703 536 761 beata
554 701 620 760 nita
640 729 658 744 -
679 699 715 758 L.
739 697 776 759 de
795 698 900 776 Ioseph
919 699 1112 760 Patriareha
1132 731 1150 744 -
1170 700 1206 758 L.
1230 698 1267 759 de
1280 701 1558 762 benedictionibus
1576 705 1639 762 Pa

397 801 608 862 triarcharnm
628 828 645 844 ·
666 799 702 858 L.
726 797 763 860 da
782 798 858 858 Elia
878 803 907 858 et
925 797 1038 856 ieiunio
1061 829 1077 844 ·
1098 799 1135 874 L.
1155 797 1192 857 de
1211 796 1352 859 Nabathe
1374 833 1390 848 -
1413 801 1458 862 L.
1479 801 1524 862 de
1541 803 1638 862 Tabia

397 917 450 960 seu
472 897 616 959 edomans
633 899 843 972 foeneratores
862 927 879 942 -
901 893 1079 958 LL.1.-de
1111 897 1355 974 interpellatione
1383 899 1456 960 Iobi
1479 908 1514 962 ct
1535 901 1639 961 David

398 1030 415 1043 -
435 999 522 1058 Onae
541 995 711 1072 Apolopiae
730 995 905 1072 Prophetae
925 993 1027 1054 David
1048 1027 1065 1040 -
1087 995 1316 1056 Enarrationes
1334 997 1369 1056 in
1394 999 1455 1058 12.
1499 998 1640 1058 diversos

396 1095 536 1155 Psalmos
555 1127 572 1138 ·
604 1094 765 1170 Eaposilio
793 1093 827 1150 in
856 1092 1018 1154 Psalmnm
1040 1094 1118 1152 118.
1151 1125 1168 1138 -
1190 1095 1353 1171 Enpositio
1384 1099 1562 1173 Evanpeli
1597 1115 1640 1156 se-

395 1192 532 1252 candam
551 1193 671 1252 Lucam
691 1223 708 1238 -
729 1191 818 1252 Libri
837 1193 871 1250 3.
895 1189 932 1250 de
951 1191 1062 1270 officiis
1081 1191 1299 1252 Ministrornm
1322 1226 1339 1239 ·
1361 1196 1397 1256 L.
1421 1195 1467 1256 de
1490 1195 1604 1254 vidais
1621 1229 1637 1242 -
1709 1242 1710 1250 ,

396 1291 484 1352 Libri
503 1293 537 1352 3.
560 1291 597 1350 de
617 1291 788 1366 cirpinibns
807 1288 849 1348 ad
868 1289 1085 1350 Mareellinam
1107 1321 1123 1334 -
1153 1290 1234 1350 Unns
1262 1291 1299 1351 de
1337 1292 1483 1369 Virpinis
1505 1295 1639 1352 institn-

395 1391 476 1450 tiene
496 1396 525 1448 et
543 1389 575 1450 S.
595 1389 720 1450 Mariae
751 1389 933 1463 cirpinitate
958 1394 1112 1465 perpetna
1134 1421 1151 1434 -
1180 1389 1217 1450 L.
1254 1390 1292 1450 de
1324 1391 1531 1467 Virpinitate
1555 1425 1574 1436 -
1598 1393 1635 1452 L.

396 1483 433 1548 de'
462 1488 550 1565 apsa
587 1489 723 1563 Virpinis
750 1494 946 1547 consacratae
967 1520 983 1532 -
1005 1487 1193 1548 Ilahorlatio
1213 1489 1422 1564 Virpinitatis.
1447 1492 1637 1552 Praeterea

395 1586 464 1646 eins
485 1579 578 1661 opera
599 1589 684 1646 sunt:
710 1585 882 1644 Consolatio
903 1583 940 1644 de
959 1586 1043 1644 obita
1068 1587 1280 1646 Valentiniani
1300 1619 1316 1632 -
1341 1588 1448 1650 Oratio
1475 1589 1520 1648 de
1543 1590 1633 1648 obita

398 1685 554 1746 Theodosii
574 1719 591 1732 -
612 1687 719 1748 Sermo
739 1691 848 1746 eontra
867 1685 1061 1744 Annentinm
1081 1684 1119 1744 de
1137 1686 1277 1746 Basilieis
1297 1685 1459 1746 tradendis
1476 1719 1496 1732 -
1513 1687 1631 1748 Sermo

393 1785 427 1843 in
448 1786 650 1846 translatione
668 1784 874 1860 reliqniarnm
894 1781 951 1842 SS.
987 1782 1125 1844 Gereasii
1146 1791 1175 1844 et
1201 1785 1339 1844 Protesii
1360 1817 1376 1830 -
1402 1787 1578 1863 Epistolae
1601 1785 1630 1842 O.

394 1883 599 1945 et'dnodeeim
619 1883 746 1962 Hymni.
769 1883 900 1944 Caetera
921 1881 1041 1960 scripta
1067 1885 1240 1960 temporum
1271 1883 1389 1942 iniuria
1409 1884 1627 1946 exciderunt.

393 1983 494 2059 Opera
514 1983 608 2043 dubia
627 1985 702 2042 sunt
721 1981 809 2040 Libri
827 1998 881 2040 sen
902 1979 939 2042 de
958 1981 1167 2042 Sacramentis
1187 2011 1204 2024 -
1226 1981 1379 2058 Apolopia
1410 1981 1522 2042 altera
1546 1983 1631 2040 Pro-

388 2082 501 2158 phetae
519 2080 620 2142 Oavid
640 2087 669 2138 et
692 2078 773 2138 Ordo
793 2081 1023 2140 Ambrosianus·
1052 2080 1298 2140 Commentarios
1329 2098 1403 2140 vero
1422 2083 1456 2140 in
1482 2082 1630 2142 Cantica

298 2169 302 2182 '
394 2178 593 2238 Cantieornm
624 2177 831 2238 concinnatus
862 2182 912 2240 est
932 2197 971 2238 ex
991 2179 1059 2238 eius
1081 2180 1241 2257 operibus,
1263 2182 1297 2238 et
1318 2179 1364 2240 ite
1387 2179 1486 2238 stiam
1513 2181 1629 2238 dieen-

393 2275 464 2334 dum
493 2275 530 2334 de
549 2277 752 2352 depositione
770 2275 862 2336 Fidei
884 2276 1050 2336 secandam
1070 2278 1248 2356 Symbolum
1268 2275 1451 2337 Nicaennm.
1476 2278 1628 2338 Ambro-

316 2447 320 2456 .
393 2373 460 2434 sius
492 2375 651 2436 Ecclesiae
683 2376 826 2436 columna
857 2374 921 2434 init
950 2375 1138 2451 appellatus,
1169 2377 1303 2436 delectat
1324 2375 1390 2436 suis
1426 2377 1569 2453 seriptis
1594 2378 1625 2432 et

392 2472 525 2534 instruit
546 2505 563 2518 -
585 2472 694 2549 Stylus
715 2474 873 2547 concisus
895 2478 1029 2550 argutus
1050 2477 1084 2534 et
1104 2474 1219 2532 nobilis
1240 2478 1299 2534 est.
1321 2475 1377 2536 Ed.
1401 2474 1625 2552 praestantis·

393 2570 473 2630 sima
501 2574 551 2630 est
580 2571 637 2632 illa
667 2573 884 2634 Manrinorum
905 2573 1007 2634 Paris.
1028 2591 1079 2632 an.
1104 2571 1473 2636 loeo-90.11v.ol.f01.
1499 2590 1622 2634 recusa
1709 2572 1710 2649 Ῐ

391 2669 502 2729 Venet.
528 2669 605 2729 1748
627 2704 643 2718 -
664 2669 713 2730 51.
737 2674 822 2736 VIII.
840 2673 875 2732 Τ.
899 2673 932 2730 in
946 2671 970 2730 f.

451 2769 551 2831 Trans
572 2769 616 2830 Ee
637 2771 793 2834 Bosrnnn.
813 2770 850 2851 (i.
874 2791 901 2831 a.
923 2768 1005 2850 378).
1032 2771 1168 2848 Scriptis
1189 2769 1354 2832 mandavit
1375 2770 1473 2830 libros
1496 2772 1530 2830 4.
1546 2787 1620 2830 eon-

392 2873 443 2928 tra
464 2866 671 2940 Maniehaeos,
694 2887 826 2944 quorum
847 2873 913 2929 tres
934 2870 1055 2947 priores
1077 2869 1195 2946 integri
1216 2870 1317 2930 adhuc
1347 2874 1486 2929 exstant.

450 2967 482 3028 S.
503 2968 714 3032 Panassnrus
735 2969 789 3030 Er.
812 2969 902 3030 Brnx.
925 2967 962 3048 (f.
988 2987 1016 3028 a.
1033 2965 1117 3047 380).
1140 2967 1277 3044 Scripsit
1297 2967 1413 3026 librum
1434 2966 1471 3027 de
1491 2967 1619 3026 Haere-

389 3065 482 3134 sibns,
495 3063 616 3124 'editum
635 3065 789 3144 Amburgi
803 3085 854 3125 an.
869 3067 955 3127 1721.
965 3066 1094 3127 Brixiae
1109 3085 1159 3126 an.
1173 3065 1261 3128 1738.
1276 3065 1454 3126 Notandum
1467 3084 1548 3124 vero
1564 3067 1618 3124 est

391 3163 423 3221 in
444 3163 502 3222 hoc
523 3183 628 3242 opere,
651 3165 836 3226 vocabulum
869 3167 1030 3226 haereseon
1061 3185 1154 3229 sensu
1176 3165 1333 3226 latissimo
1365 3165 1524 3240 usurpari,
1550 3179 1615 3239 quo
1708 3235 1709 3238 Ἴ

390 3278 450 3318 non
472 3263 571 3322 solum
602 3280 723 3324 errores
759 3261 964 3339 dogmaticae,
987 3265 1040 3323 sed
1071 3266 1167 3325 etiam
1197 3263 1371 3324 sententias
1404 3281 1555 3324 erroneas
1580 3265 1614 3320 et
1708 3291 1709 3317 i

390 3359 550 3434 opiniones
572 3377 775 3436 omnesquae
797 3379 815 3420 a
837 3361 1053 3420 communibus
1075 3363 1270 3440 discrepant,
1293 3360 1370 3420 ferit
1393 3368 1515 3422 auctor.
1706 3341 1708 3392 ⁴

447 3458 479 3519 S.
502 3460 659 3522 Pitumnus
688 3460 785 3521 Bana.
810 3457 850 3536 (i.
874 3477 902 3516 a.
925 3457 1007 3536 370).
1032 3461 1169 3537 Scripsit
1198 3459 1354 3537 Epistola-s·
1385 3460 1418 3517 3.
1447 3457 1490 3519 ad
1510 3460 1612 3538 Syrn-

385 3559 576 3633 proniannm
596 3559 797 3620 novatianam
822 3591 839 3602 -
868 3559 1066 3618 Paraenesim
1094 3561 1154 3618 sive
1183 3557 1437 3618 adhortatoriam
1471 3558 1611 3620 libellam
1707 3545 1708 3634 l

389 3657 431 3714 ad
449 3659 669 3733 poenitentiam
689 3689 707 3702 -
722 3656 900 3718 Sermonem
913 3655 951 3714 de
964 3657 1134 3733 Baptismo.
1154 3658 1322 3718 Praeclare
1342 3657 1470 3718 disserit
1491 3659 1522 3718 S.
1548 3662 1612 3720 Pa-

388 3757 497 3816 eianus
530 3759 565 3816 de
602 3757 746 3818 Ecclesia
774 3755 935 3818 catholiea
967 3755 1094 3831 eiusque
1131 3759 1285 3832 potestate
1323 3756 1501 3816 remittendi
1535 3776 1609 3834 pec-

390 3856 546 3917 cataitd
576 3856 693 3931 optima
722 3859 771 3914 est
800 3855 833 3914 in
863 3853 1005 3926 Galland.
1037 3853 1189 3916 Biblioth.
1221 3855 1257 3912 T.
1288 3853 1358 3915 VII.
1390 3855 1461 3913 inde
1491 3872 1606 3914 recissa

389 3952 545 4029 aMigne.
890 3945 891 3948 '
1654 3977 1656 3984 ·

447 4051 479 4110 S.
502 4049 682 4112 Ganaenrns
701 4051 898 4114 Nnnrnznnos
926 4049 962 4130 (i
983 4069 1012 4108 a.
1035 4049 1118 4129 389).
1153 4049 1317 4110 Orationes
1348 4051 1397 4112 46.
1432 4052 1522 4110 hodie
1553 4071 1607 4111 su-

387 4152 519 4227 persunt
538 4148 621 4207 inter
642 4166 718 4224 quas
740 4149 913 4226 prinoipem
934 4149 1036 4208 locum
1060 4153 1168 4208 tenent
1182 4148 1340 4208 Orationes
1365 4149 1399 4208 V.
1423 4149 1461 4210 de
1479 4151 1602 4210 Theolo-

386 4251 441 4325 pia
462 4281 478 4296 ·
498 4250 583 4308 Dnae
602 4248 767 4308 invectione
786 4249 819 4304 in
839 4247 998 4308 Inliannm
1017 4248 1133 4325 Imper.
1158 4279 1175 4292 -
1203 4246 1269 4306 Una
1289 4249 1444 4323 enepetiea
1463 4249 1496 4306 in
1520 4250 1605 4308 Mat·

384 4345 512 4408 ‘thaenm
533 4379 550 4392 -
574 4346 680 4408 Oratio
700 4347 897 4426 Apolopetica
917 4345 954 4406 de
973 4348 1056 4422 sapa
1074 4364 1142 4418 sna,
1164 4363 1256 4422 quam
1282 4347 1424 4406 nonnulli
1445 4348 1533 4406 codd.
1557 4348 1603 4406 in-

389 4447 532 4506 scribunt
564 4445 743 4506 Tractatum
772 4444 809 4504 de
836 4445 1014 4506 Sacerdotio
1034 4476 1050 4490 ·
1076 4445 1182 4506 Oratio
1203 4444 1240 4505 de
1258 4462 1433 4522 paapernm
1453 4463 1559 4506 amere
1584 4477 1600 4490 -

390 4543 548 4606 Orationes
567 4545 604 4604 de
624 4545 706 4604 Pace
726 4549 794 4602 tres.
817 4543 875 4602 His
897 4544 1048 4604 accedunt
1072 4543 1230 4604 Orationes
1248 4543 1412 4619 festivales,
1443 4563 1521 4619 qnae
1542 4545 1598 4604 ali·

1704 4691 1706 4832 l
