3444 5358
204 337 360 404 Bnnrnnus
379 339 420 422 (a.
441 339 526 422 246).
557 339 724 404 Christum
755 341 788 401 in
810 345 900 402 utero
920 339 1067 420 Virginis
1089 341 1189 402 Deum
1209 357 1279 402 esse
1304 361 1373 404 coe-

148 434 228 515 pisse
250 437 370 514 docuit.

199 535 326 598 vannus
347 554 387 598 nr
408 537 533 600 Annuus
552 537 596 619 (a.
618 536 703 619 247).
737 538 820 600 Mori
850 538 988 600 animam
1008 541 1042 600 et
1067 555 1138 598 cum
1168 554 1299 616 corpore
1323 555 1376 598 su-

144 631 257 693 scitari
276 635 466 694 docuerunt.

197 731 355 795 Vsnnsrus
374 730 418 812 (a.
438 731 523 811 247).
548 733 636 795 Solos
662 733 832 794 Eunuchos
866 732 999 807 salvari,
1033 736 1066 792 et
1094 731 1372 810 concupiscentiae

140 827 249 888 resisti
270 847 333 888 non
354 847 447 908 posse
476 831 597 892 docuit.

199 927 355 989 Anenmm
376 929 417 1010 (a.
438 927 521 1008 247).
543 929 682 1008 Angelos
711 929 840 990 Christo
862 929 1041 1008 superiores
1068 932 1290 1004 asseruerunt,
1313 930 1372 990 De-

141 1042 254 1100 umque
275 1043 384 1086 eorum
405 1027 584 1088 ministerio
607 1030 754 1090 mundum
781 1045 916 1088 creasse.

197 1121 390 1186 Arosrourcr
411 1124 453 1205 (a.
477 1123 561 1204 247).
584 1126 825 1188 Matrimonium
846 1127 1034 1187 reiecerunt.

198 1223 410 1286 Novsrmuus
430 1222 471 1304 (a.
492 1221 577 1302 252).
594 1224 702 1284 Primo
723 1225 821 1286 solnm
842 1224 1034 1302 apostasiam
1055 1241 1123 1284 esse
1145 1224 1369 1303 inexpiabilem

139 1317 262 1390 docuit,
278 1319 389 1379 deinde
410 1338 486 1380 vero
505 1321 613 1398 plures
634 1321 714 1382 alias
735 1339 834 1382 noxas
848 1339 926 1399 quas
943 1321 1009 1400 ipse
1023 1321 1206 1384 mortiferas
1225 1323 1370 1396 vocabat,

138 1415 263 1492 expiari
285 1434 341 1492 per
362 1418 537 1478 Ecclesiam
559 1437 649 1496 posse
664 1419 807 1497 negavit.

199 1514 329 1576 Psuuue
348 1517 572 1581 Sauosnrnuus
590 1517 634 1598 (a.
655 1515 739 1597 263).
761 1520 861 1580 Unam
892 1537 1055 1596 personam
1086 1518 1119 1578 in
1149 1519 1213 1578 Deo
1240 1519 1369 1592 statuit,

136 1611 278 1672 Verbum
309 1633 385 1674 vero
414 1621 447 1676 ct
468 1615 624 1694 Spiritum
653 1617 805 1678 Sanctum
835 1620 899 1679 Deo
928 1619 1090 1678 internum
1122 1621 1155 1676 et
1179 1635 1251 1678 cum
1271 1618 1369 1678 Patre

137 1727 245 1784 unum,
260 1730 279 1771 a
300 1714 423 1790 Spiritu
444 1719 478 1776 ct
498 1716 602 1776 Verbo
615 1721 756 1776 *externo
769 1735 806 1776 ac
822 1716 988 1793 prolatitio
1003 1715 1166 1789 distinxit,
1188 1715 1370 1778 immediate

138 1812 231 1871 unito
252 1831 323 1871 cum
347 1812 487 1874 Christo.

197 1913 306 1974 Nenos
320 1929 359 1974 nr
374 1911 615 1992 Gu1n1nsusn(a.
632 1910 715 1991 264).
726 1913 872 1990 Regnum
885 1910 1100 1974 Millenarium
1115 1914 1368 1988 propugnarunt.

198 2011 314 2072 Mensa
332 2009 375 2090 (a.
398 2008 482 2089 270).
506 2010 627 2070 Statuit
642 2011 703 2070 duo
717 2010 887 2088 principia,
909 2011 1045 2072 alterum
1068 2009 1182 2070 bonum
1196 2027 1250 2070 seu
1266 2009 1368 2070 lucem

136 2109 267 2168 utboni
298 2125 439 2180 causam,
461 2109 596 2170 alterum
628 2109 744 2168 malum
776 2125 831 2168 seu
863 2109 1008 2168 tenebras
1029 2111 1063 2167 et
1091 2107 1166 2168 mali
1194 2111 1366 2170 auctorem.

137 2207 232 2266 Fecit
252 2209 351 2267 Deum
371 2225 556 2284 corporeum
575 2211 608 2266 et
628 2207 752 2266 nomine
773 2207 940 2268 dumtaxat
960 2206 1102 2266 Trinum:
1119 2205 1280 2268 Christum
1298 2207 1366 2268 sine

136 2325 233 2366 carne
253 2311 442 2384 apparenter
463 2311 571 2366 natum
599 2311 632 2366 et
659 2323 786 2382 passum
815 2306 932 2365 docuit:
956 2304 1075 2364 homini
1104 2305 1284 2366 libertatem
1313 2325 1366 2377 ne·

137 2407 287 2484 garitae
309 2407 546 2482 Testamentum
566 2409 672 2477 retus,
695 2403 768 2463 fidei
790 2404 999 2481 baptismique
1020 2403 1240 2466 necessitatem
1256 2407 1289 2464 et
1303 2405 1367 2472 uti·

137 2505 277 2575 litatem,
299 2505 547 2574 matrimonium,
571 2503 677 2564 carnis
706 2503 970 2562 resurrectionem
991 2501 1124 2578 respuit.

197 2607 395 2665 Hruunurrnn
414 2603 458 2684 (a.
480 2600 567 2681 295.)
588 2604 633 2664 De
654 2602 714 2660 lilii
735 2601 905 2662 divinitate
926 2605 958 2661 et
979 2600 1182 2679 generatione
1210 2600 1289 2660 male
1322 2602 1367 2662 lo-

136 2703 335 2780 quebantur3
357 2701 644 2762 Melchisedechum
666 2719 722 2778 pro
743 2702 796 2778 Sp.
819 2702 936 2762 Sancto
957 2701 1106 2773 habuere,
1128 2705 1287 2780 negarunt
1307 2702 1367 2762 Pe-

136 2802 278 2862 radisum
298 2799 398 2860 fuisse
419 2799 600 2858 sensibilem
620 2803 653 2859 et
673 2800 779 2860 carnis
803 2798 1067 2860 resurrectionem
1082 2799 1235 2873 reiecere3
1252 2815 1366 2876 pueros

135 2901 314 2978 baptizatos
335 2902 408 2959 ante
430 2898 563 2958 rationis
595 2915 686 2960 usum
716 2899 911 2969 decedentes,
933 2901 1077 2958 extorres
1099 2896 1169 2956 fieri
1191 2899 1367 2957 docuerunt

136 3018 156 3059 a
175 3000 287 3076 Regno
310 2997 484 3059 caelorum.

618 3289 801 3352 SAECULO
829 3289 883 3352 IV.

196 3487 362 3549 Mnnn‘rrus
381 3504 415 3547 uu
435 3487 584 3548 Aeerrro
603 3487 646 3568 (a.
668 3483 752 3565 301).
775 3487 820 3548 Ob
836 3485 1041 3547 Idoloduliam
1057 3503 1112 3563 per
1127 3485 1361 3547 Alexandrinos

135 3586 249 3644 Patres
277 3586 451 3662 depositus,
474 3586 665 3663 episcopalia
691 3586 897 3646 nihilominus
926 3585 1034 3644 munia
1063 3585 1150 3643 obire
1175 3590 1363 3661 prosecutus

135 3689 197 3754 est,
219 3688 252 3741 et
273 3686 521 3745 communionem
543 3683 604 3744 sibi
626 3685 820 3760 singularem
841 3683 1031 3742 efformavit.

196 3781 399 3843 Donnrrsusn
411 3801 450 3843 ur
465 3781 807 3860 (irreverendorum.
825 3779 908 3861 311).
923 3780 1159 3841 contendebant
1173 3781 1362 3856 Ecclesiam,

135 3880 174 3938 ob
197 3880 443 3940 communionem
465 3898 536 3939 cum
560 3879 738 3939 Caeciliano
753 3880 868 3955 ubique
883 3885 1041 3938 terrarum
1058 3879 1159 3940 veluti
1175 3881 1364 3958 contagione

134 3977 324 4048 extinctam,
347 3979 380 4036 in
402 3979 469 4036 sola
488 3977 600 4036 Africa
625 3995 718 4054 penes
742 3978 857 4038 Donati
878 3983 998 4054 partem
1015 3979 1216 4052 remansisse,
1233 3979 1364 4054 ideoque

134 4079 227 4134 extra
248 4093 336 4134 suam
357 4081 475 4134 sectam
497 4075 673 4152 baptizatos
694 4079 726 4134 et
747 4076 908 4137 ordinatos
938 4075 1088 4136 iubebant
1110 4075 1227 4136 iterare
1258 4092 1364 4134 sacra-

135 4177 250 4232 menta.
266 4173 543 4232 Circumcelliones
559 4173 775 4234 dicebantura
788 4175 993 4250 quorumdam
1008 4192 1067 4234 usu
1079 4174 1166 4233 circa
1180 4173 1362 4234 rusticanas

135 4270 232 4330 cellas
254 4272 360 4332 victus
381 4272 580 4349 quaeritandi
601 4273 706 4350 gratia
728 4274 924 4352 vagantium,
940 4274 994 4350 qui
1007 4274 1102 4333 etiam
1118 4277 1228 4349 sponte
1244 4289 1277 4332 se
1289 4273 1362 4332 aliis
1410 4292 1413 4297 ·

133 4369 318 4429 occidendos
340 4371 541 4446 praebebant,
565 4377 623 4432 aut
643 4372 704 4448 ipsi
726 4372 904 4432 inferebant
925 4372 985 4436 sibi
1008 4375 1139 4430 mortem
1163 4372 1201 4430 ad
1224 4370 1359 4446 gloriam

135 4467 284 4544 martyrii
307 4471 502 4546 captandam.
