3404 5360
109 453 169 522 non
184 437 394 514 spernendum
415 439 466 499 est
484 437 557 501 iret
580 435 726 512 Thomas,
742 439 829 501 vitae
842 437 967 500 scilicet
980 437 1117 500 'l'homae
1133 439 1244 518 apost.
1259 441 1338 504 Can·

113 533 302 608 turriensis,
323 540 357 598 et
377 537 514 598 Thomas
533 536 628 598 Mori.

167 635 372 699 Bmmnmrus
392 637 491 699 knies
511 636 699 700 Montanus.
721 633 877 715 (†1508).
899 636 1032 698 Praeter
1051 634 1186 698 Bibliam
1199 639 1332 718 regiam¹

102 732 204 794 edidit
224 735 323 796 etiam
346 735 615 796 Commentariun
634 735 669 793 in
686 734 739 793 12.
757 734 875 812 Propi.
897 735 1043 806 minores,
1057 735 1335 799 Elueidatioacsin

103 831 136 892 4.
161 833 290 908 Itoanp.
314 839 344 892 et
362 834 397 892 in
427 839 500 892 acta
520 833 652 909 Apost.,·
673 831 854 892 Beniamtni
873 832 1029 893 tutelensis
1058 833 1272 907 itinerariums
1290 838 1334 896 ne

101 931 220 1008 optineo
233 932 364 1008 imperio
379 931 449 990 sive
460 929 722 990 commentarium
735 929 768 988 in
779 929 801 987 l.
819 931 919 1002 losue;
933 928 1167 991 Elucidationes
1179 932 1212 990 in
1227 933 1333 992 omnia

99 1028 158 1088 88.
172 1030 280 1106 Aput.
297 1029 416 1106 scripta
435 1027 519 1088 etin
538 1026 626 1088 Ioan.
648 1027 880 1106 Apocalypsim;
903 1029 947 1087 De
967 1027 1059 1086 uaria
1078 1029 1247 1105 republica,
1264 1030 1332 1090 sive

4 1135 5 1140 ’
101 1131 272 1188 comment.
291 1127 325 1186 in
345 1127 400 1187 lib:
423 1125 574 1200 iudicum;
597 1126 665 1185 Lib.
687 1126 899 1202 perorationis
920 1131 950 1185 et
969 1127 1214 1200 reponuntiom's
1226 1126 1332 1187 Adam

99 1259 117 1270 -
140 1225 379 1286 Gornmentaria
403 1225 437 1283 ia
456 1224 559 1296 isaiae
574 1225 714 1302 φορὴ.)
732 1240 906 1297 sennonem
931 1223 1198 1283 Gunmentarium'
1219 1226 1253 1284 in
1273 1227 1329 1286 31.

97 1323 225 1400 priores
244 1321 381 1382 Dorida
396 1322 511 1400 psalm

163 1421 347 1484 Lanaricus
357 1421 487 1482 Mamas
496 1420 529 1480 S.
544 1421 570 1480 I.
582 1418 616 1501 (³5
628 1415 731 1497 1000),
742 1419 856 1480 Famae
868 1419 1051 1480 celebritate
1061 1421 1095 1480 et
1106 1419 1251 1480 doctrina
1261 1420 1334 1480 illu-

101 1519 181 1578 stris
196 1535 233 1578 sc
249 1518 356 1596 magni
378 1517 467 1578 illius
489 1517 667 1595 philosophi
681 1516 771 1577 Petri
786 1517 928 1578 Fonseca
942 1516 1130 1595 discipulus,
1149 1518 1241 1594 plura
1251 1519 1332 1578 scri-

98 1615 166 1692 psit
186 1633 283 1693 opere
303 1633 436 1692 quorum
457 1614 547 1674 tituli
570 1618 646 1674 sunt
664 1615 708 1674 De
729 1615 900 1674 iustitinet
926 1616 995 1674 iure
1016 1621 1090 1674 tom.
1112 1615 1146 1674 6.
1170 1616 1332 1694 Commen-

97 1714 185 1772 tario
205 1713 240 1770 in
259 1713 285 1772 I.
300 1730 335 1790 p.
358 1715 396 1772 D.
413 1711 520 1772 Tlrom.
543 1711 826 1774 concordialiberi
845 1713 973 1772 arbitrii
991 1727 1062 1772 cum
1081 1714 1208 1788 pretias
1229 1713 1329 1785 donis,

98 1810 210 1870 diuum
225 1811 448 1887 praescientia,
466 1809 679 1887 prouidentia,
696 1809 995 1886 praedestinatione,
1016 1816 1046 1869 et
1058 1811 1272 1886 reprobatione
1288 1810 1333 1871 ad

99 1909 289 1969 nonnnullos
308 1908 334 1968 1.
352 1925 387 1986 p.
410 1909 448 1969 Π.
477 1907 612 1968 Tbomae
639 1909 796 1968 articulos.
819 1907 975 1984 Quidquid
996 1906 1042 1966 sit
1063 1907 1100 1966 de
1121 1907 1257 1968 Molinae
1278 1910 1330 1990 do·

98 2009 209 2068 ctrina
226 2011 260 2066 et
280 2023 429 2068 concesso
448 2006 546 2067 etiam
565 2005 670 2067 omnia
689 2006 757 2066 eius
778 2006 974 2065 theoremata
994 2003 1120 2082 probari
1142 2023 1204 2064 uon
1227 2023 1330 2083 posse,

101 2104 215 2182 negari
236 2109 341 2166 tamen
362 2104 471 2181 nequit
490 2121 639 2182 magnum
659 2104 773 2166 exinde
792 2102 912 2181 percipi
926 2101 1077 2164 fructum.
1091 2102 1157 2180 Ipsi
1171 2107 1332 2180 tamquam

102 2202 208 2278 primo
228 2202 355 2266 auctori
374 2202 534 2264 tribuitur
559 2202 598 2262 ab
621 2201 782 2278 aliquibus
813 2197 958 2261 doctrina
986 2201 1023 2260 de
1046 2201 1333 2277 praedestinatione

103 2300 143 2360 ad
164 2299 302 2378 gloriam
322 2304 395 2378 post
416 2299 564 2378 praevisa
587 2299 712 2372 merita,
735 2300 817 2376 quod
846 2297 963 2359 falsum
993 2301 1119 2360 omnino
1138 2317 1208 2360 esse
1227 2305 1332 2361 osten·

100 2399 190 2458 ditur
211 2397 250 2458 ex
270 2399 374 2459 Toleti
400 2400 465 2460 viri
495 2399 681 2477 gravissimi
702 2398 906 2462 auctoritate.
929 2397 983 2474 qai
1008 2397 1041 2457 in
1064 2397 1327 2459 Enarrationibus

100 2497 221 2560 Summ.
244 2499 394 2577 Theolog.
419 2497 446 2558 l.
470 2516 501 2575 q.
522 2495 573 2556 23.
596 2502 658 2558 art.
680 2496 710 2556 5.
733 2497 922 2559 Gonclus.2.
939 2500 976 2557 ut
989 2514 1182 2558 communem
1197 2497 1329 2558 Scholac

101 2596 282 2656 doctrinam
302 2597 333 2656 id
354 2595 456 2675 ipsum
479 2613 537 2668 suo
558 2599 696 2675 tompore
717 2595 867 2656 delendit.

161 2695 358 2777 Rusucmona
388 2695 493 2758 Lucas
522 2695 709 2760 Barasasa.
729 2695 767 2777 (†
790 2693 893 2774 1600.)
921 2694 1057 2772 Scripsit
1077 2725 1095 2742 -
1122 2694 1329 2756 itinerarium

99 2795 129 2853 J.
155 2794 274 2854 &innati
296 2812 337 2854 an
355 2793 389 2854 4.
411 2795 537 2870 Boane.
553 2795 711 2856 collectum
724 2827 746 2844 ·-
760 2794 812 2853 cui
827 2793 981 2871 adjicitur
994 2794 1033 2852 ad
1047 2793 1164 2854 calcem
1180 2801 1333 2856 tractatus

102 2892 140 2952 de
159 2892 324 2972 chaldaica
343 2892 376 2952 S.
402 2893 586 2971 Scripturas
602 2894 818 2972 pampinum
840 2892 879 2954 ln
899 2891 931 2950 4.
953 2892 1160 2967 annpelium
1181 2910 1334 2953 commen·

102 2993 245 3063 tarium5
268 2991 495 3052 Commentaris'
516 2992 765 3069 supplementum
785 2993 819 3048 in
838 2989 872 3048 8.
899 2989 1032 3061 Lucam,
1055 2996 1085 3047 et
1104 2989 1138 3048 8.
1158 2990 1249 3050 Joan.
1270 2989 1333 3048 No-

103 3091 235 3150 tationes
254 3091 289 3148 in
310 3090 343 3150 8.
360 3091 466 3150 Biblia
475 3109 487 3161 ;
506 3091 670 3151 Romanae
683 3088 879 3149 connectionis
893 3089 925 3145 in
940 3087 1047 3146 latinis
1066 3088 1174 3147 Bibliis
1188 3087 1333 3148 editionis

103 3189 250 3263 calamae
266 3188 357 3266 jussu
377 3188 463 3248 Sinti
485 3186 520 3247 V.
542 3189 708 3264 recopnitis
730 3189 797 3246 loca
815 3186 1000 3262 insianiora.

563 3482 748 3546 SAEGULO
771 3485 873 3546 XVII.

167 3682 349 3762 Graeceius
370 3682 417 3741 Dr
436 3681 601 3742 Vaonurm
621 3680 653 3740 8.
676 3682 701 3740 Ι.
723 3680 761 3760 (³5
784 3675 874 3758 1603)
894 3681 930 3740 In
945 3681 1076 3740 Petrum
1091 3677 1222 3755 scriptis
1234 3681 1329 3754 atque
1369 3709 1373 3714 -

106 3782 139 3840 in
161 3781 323 3858 theologia
344 3778 537 3839 scholastice
559 3777 799 3838 versatissimus
818 3779 910 3853 plura
934 3776 1033 3836 edidit
1053 3793 1147 3853 opera
1167 3794 1246 3852 quae
1267 3778 1330 3837 cla·

105 3881 215 3950 ritate,
237 3877 454 3956 profunditate
483 3881 515 3937 et
546 3877 665 3954 ingenii
696 3875 876 3937 subtilitate
896 3875 1103 3952 praecellunt.
1135 3877 1224 3938 Inter
1252 3877 1328 3936 haec

104 3978 246 4039 eminent
268 3977 572 4038 Commentariorum
593 3975 833 4052 theotonicorum
854 3980 876 4033 t.
890 3972 922 4033 4.
939 3976 1060 4034 Horum
1074 3975 1232 4053 Epitome;
1249 3977 1330 4053 Opu-

104 4078 190 4136 scula
212 4075 250 4137 de
268 4075 343 4154 fidei
364 4076 576 4134 controuersiis
607 4074 783 4152 eujusmodi
810 4077 884 4133 sunt
904 4074 1051 4152 Analysis
1068 4074 1144 4153 fidei
1163 4077 1330 4136 catleolicae

105 4165 142 4236 de
162 4175 220 4235 88.
244 4175 398 4233 Trinitate
412 4174 463 4232 tit.
478 4175 513 4232 5.
525 4205 542 4220 -
555 4171 593 4232 de
613 4189 688 4232 uera
701 4173 819 4232 Christ
839 4173 1003 4250 majestate
1022 4179 1052 4232 et
1061 4176 1241 4250 praesentia
1254 4205 1271 4220 -
1293 4174 1330 4234 de

107 4290 239 4333 numero
259 4278 526 4332 samamentorum
539 4269 581 4331 N.
592 4273 629 4332 L.
644 4303 661 4316 -
676 4270 712 4330 de
726 4271 806 4330 reali
826 4271 942 4330 Christi
957 4289 1064 4348 praes.
1084 4273 1119 4329 in
1140 4273 1278 4332 Euchar.
1302 4279 1331 4331 et

107 4371 143 4431 de
164 4371 516 4430 transsubstantiatione
540 4369 591 4428 lib.
607 4371 639 4430 3.
653 4401 674 4416 -
693 4370 737 4428 De
757 4386 870 4429 sacros.
885 4370 998 4430 Missae
1017 4370 1124 4444 sacrif.
1144 4368 1217 4429 -ole
1235 4369 1332 4428 idolo-

107 4470 205 4528 latria
220 4468 270 4528 lib.
281 4469 314 4528 5.
330 4501 348 4516 -
362 4469 511 4527 Euamen
524 4475 554 4526 et
573 4468 727 4543 refutatio
743 4467 909 4544 praecipui
931 4467 1071 4546 mysterii
1091 4464 1250 4526 doctrinae
1269 4467 1333 4527 ccl-

106 4568 293 4628 oinistarum
314 4565 352 4627 de
371 4583 406 4626 re
425 4567 639 4627 eucharistica.
