3404 5360
93 422 156 502 ficio
178 429 210 482 et
227 431 380 502 potestate
398 425 544 504 Episcopi
563 427 726 504 tripartita
751 427 926 506 descriptio,·
955 428 1069 488 Variae
1095 428 1173 488 iuris
1198 435 1315 490 tracta

93 523 196 594 tinum
220 523 260 584 de
279 525 434 586 canonicis
453 533 482 585 et
507 525 711 601 dipnitatibus
731 526 859 603 aliisque
879 525 1078 602 inferioribus
1106 525 1308 604 beneficiariis

90 619 321 682 cathedralium
341 629 371 683 at
388 623 623 700 colapiatarum
653 625 858 696 ecclesiarum,
879 641 1045 701 eorumque
1073 625 1170 704 officio
1192 630 1257 684 tom
1277 624 1312 682 in

88 720 179 779 choro
195 739 295 797 qaam
314 723 349 782 in
369 723 503 801 capitulo
527 723 690 784 Tractatus
710 755 727 768 -
749 723 831 782 Iuris
850 721 1039 785 aeclesiastici
1058 723 1192 784 universi
1212 723 1263 782 lib.
1280 725 1312 784 3.

90 817 211 878 Prcais
225 821 367 897 eripendi
382 823 542 900 pensiones
561 853 579 867 -
601 823 653 882 cui
673 825 873 882 accesserunt
891 855 912 870 -
931 828 1003 882 uota
1016 819 1146 882 dmhiva
1159 827 1189 882 et
1200 821 1316 883 eonsul-

89 919 189 978 tatioa
212 922 366 981 canonica
386 922 436 981 lib.
456 923 490 981 2.
512 953 529 968 -
549 922 731 982 mautcncc
744 921 881 981 Rullarii
900 920 953 980 sub
976 920 1064 980 titulo
1083 937 1222 980 summae
1242 937 1316 998 apo·

89 1017 273 1079 stolicarum
300 1019 486 1081 decisionum
512 1019 558 1102 (in
588 1020 690 1082 indice
720 1021 804 1080 decr.
826 1017 877 1078 22.
906 1019 973 1080 Ian.
1004 1015 1103 1097 1642).
1134 1018 1316 1078 collectanea

90 1115 257 1176 doctorum
277 1124 344 1178 tarn
362 1125 615 1196 vetmmpaam
635 1119 839 1180 recentiorum
862 1117 897 1176 in
916 1117 964 1177 ius
979 1116 1176 1196 pontificium
1195 1117 1318 1176 uniuer-

89 1231 167 1286 sum‚·
177 1215 368 1278 codectanca
388 1234 427 1278 aa
439 1215 611 1279 amoribus
623 1223 691 1278 tum
700 1215 810 1296 priscis
823 1222 890 1276 tum
903 1214 1119 1276 recentioribus
1131 1214 1165 1273 in
1185 1213 1316 1276 codicem

89 1311 272 1374 Iustiniani.

146 1412 349 1478 Fneuarsens
367 1415 489 1476 Ausees
509 1415 539 1474 S.
562 1415 587 1474 Ι.
609 1413 643 1495 (†
667 1411 766 1492 1651).
798 1412 1026 1476 Testimonium
1055 1411 1122 1472 eius
1154 1411 1316 1472 doctrinae

90 1513 137 1568 cst
165 1528 280 1571 cursscs
307 1513 476 1589 theolopiae
503 1513 696 1574 scholasticae
723 1513 781 1572 vol.
814 1512 845 1574 9.
878 1529 1009 1590 quorum
1033 1510 1063 1572 5.
1096 1510 1259 1572 continens
1280 1511 1316 1570 de

94 1606 253 1682 iustitiae,
274 1615 308 1671 ct
329 1612 396 1671 iure
417 1616 513 1672 tract.
537 1611 729 1690 prohibitum
750 1610 813 1671 Iuit
833 1610 928 1672 donec
953 1611 1143 1685 corripatur.

147 1709 290 1771 Jnconus
304 1710 456 1772 Srnnonn.
474 1711 505 1772 S.
523 1711 548 1772 Ι.
565 1709 602 1790 (†
618 1709 717 1790 1651).
738 1711 843 1772 Pauca
857 1710 909 1769 hic
930 1707 1071 1786 scripsit,
1088 1708 1187 1768 multa
1209 1713 1312 1770 temon

96 1803 188 1869 edidit
202 1827 286 1885 quae
301 1808 635 1885 collecta‘prodierunt
648 1809 784 1887 quinque
801 1809 916 1868 volum.
934 1811 1020 1869 Tam.
1039 1810 1065 1869 Ι.
1089 1808 1313 1886 complectitur

99 1906 217 1967 Ennebii
241 1908 450 1970 Gamareensis
468 1911 613 1986 opacata
634 1907 686 1970 14.
709 1941 726 1956 ·
746 1909 934 1981 Marcellini,
950 1915 980 1969 et
997 1909 1143 1968 Faustini
1159 1907 1259 1986 presb.
1277 1909 1312 1966 li-

96 2003 202 2066 bellum
223 2025 352 2084 precam
371 2007 414 2068 ad
433 2008 646 2086 Imperatores.
661 2041 682 2054 -
696 2009 805 2088 Rufini
821 2008 921 2085 presb.
941 2007 1120 2085 prouinciae
1140 2007 1317 2068 Palestinae

94 2103 111 2159 l·
132 2105 171 2167 de
192 2105 258 2185 pide
277 2139 298 2152 -
318 2113 406 2167 notas
425 2108 458 2165 in
479 2105 534 2166 40.
557 2107 657 2167 Scrm.
680 2107 713 2167 S.
731 2108 813 2182 Aup.
830 2106 868 2166 sb
884 2107 953 2184 ipso
971 2111 1112 2184 repertos
1126 2139 1146 2153 -
1163 2107 1314 2184 opuscula

94 2202 275 2280 dupmatica
294 2212 430 2265 oacrum
455 2207 641 2283 scriptorum
669 2206 723 2282 qui
745 2205 1181 2266 ante1200.claruerunti.
1205 2223 1230 2265 e.
1258 2205 1316 2265 Le-

89 2305 175 2377 porii
189 2304 294 2380 presb.
315 2304 448 2365 libellum
468 2303 701 2377 emendationis,
725 2305 867 2382 Capreoli
880 2306 966 2382 episc.
988 2307 1131 2380 carthap.
1148 2306 1308 2382 epistolam

94 2402 134 2460 ad
160 2403 308 2476 Vitalem,
330 2410 360 2464 et
383 2403 582 2474 Tonantium,
597 2405 796 2465 Breoiarium
809 2403 884 2483 fidei
903 2403 1048 2465 aduersus
1067 2405 1205 2477 amanus,
1226 2405 1313 2464 Isaac

95 2519 132 2560 aa
144 2502 259 2562 iudaea
274 2504 294 2560 l.
309 2502 394 2582 fidei,
420 2503 568 2562 Victorini
587 2503 656 2579 afri
675 2503 725 2562 lib.
747 2510 857 2563 contra
878 2503 1083 2572 Manichacus,
1099 2501 1136 2562 de
1152 2503 1310 2579 principio

95 2599 169 2674 diei,
183 2602 329 2662 notitiam
339 2601 574 2680 provinciaram
589 2609 619 2662 et
629 2603 791 2662 civitatum
805 2601 933 2679 Africae
945 2634 960 2648 ·
971 2600 1246 2662 Praedestinatum
1263 2619 1317 2663 seu

100 2701 400 2774 praedestinatorum
430 2701 595 2760 haeresim.
623 2701 655 2760 S.
684 2701 842 2762 Valeriani
871 2701 932 2779 Ep.
958 2702 1148 2762 cemeliensis
1175 2701 1315 2763 homilias

100 2798 154 2858 20.
165 2800 265 2877 Epist.
279 2799 323 2857 ad
335 2801 509 2872 monachos,
523 2800 557 2858 C.
570 2800 659 2859 Sollii
672 2801 863 2878 Apollinaris
875 2799 999 2860 Sidonii
1008 2802 1203 2862 Avernorum
1213 2801 1318 2878 Episc.

98 2913 191 2972 opera
211 2898 329 2957 omnia:
350 2898 550 2975 appendicem
565 2897 685 2958 Codicis
702 2897 915 2971 Ttuotosicot,
931 2897 1046 2974 Mapni
1058 2899 1168 2959 Felicis
1183 2897 1322 2960 Ennodii

97 3011 139 3072 ep.
169 2995 335 3054 Ticinensis
354 3013 457 3073 opera.
481 3027 498 3042 -
518 2998 605 3056 Tam.
628 2999 659 3058 2.
682 2997 885 3057 continentur
906 2997 938 3056 S.
958 2997 1046 3057 Aviti
1066 2997 1209 3076 Archiep.
1232 2997 1322 3060 Vien-
1383 3015 1389 3036 ⁴

96 3095 198 3155 nensis
211 3111 317 3170 opera·
334 3093 432 3154 Idatii
451 3095 582 3171 episcopi
594 3095 758 3154 chronicon
779 3101 809 3154 et
828 3096 909 3170 fasti
928 3095 1102 3154 consulares
1111 3115 1125 3167 ς
1144 3095 1322 3158 Marcellini

97 3194 156 3251 oiri
175 3199 207 3252 et
225 3193 343 3252 comitis
356 3192 532 3271 Illyriciani
545 3192 721 3264 chronicon,
737 3192 893 3252 Facundii
907 3194 995 3271 episc.
1011 3193 1243 3254 Hermianensis
1260 3211 1319 3270 pro

96 3291 214 3368 defens.
237 3293 269 3350 3.
292 3292 385 3368 capit.
408 3291 514 3350 concil.
542 3289 677 3351 chalced.
700 3291 752 3349 lib.
784 3291 838 3350 12.
862 3293 900 3350 Β.
929 3291 1068 3367 Eupenii
1088 3293 1149 3370 Ep.
1180 3292 1320 3354 Toletani

98 3389 262 3467 opuscula3
287 3388 445 3468 Theodulfl
464 3389 697 3450 Aurelianensis
709 3390 771 3466 Ep.
788 3406 904 3468 opera,·
920 3390 1077 3451 Amolonis
1090 3389 1237 3466 Lupdua.
1260 3392 1322 3452 Ar·

97 3490 193 3565 chiep.
215 3486 260 3546 ad
281 3486 509 3547 aotaaccloum
530 3488 625 3565 epist;
645 3487 679 3546 S.
694 3488 777 3563 Aup.
793 3489 961 3548 sententiaa
976 3488 1013 3548 de
1023 3487 1317 3566 praedestinatione,

97 3586 222 3647 Servati
242 3585 325 3662 Inlpi
340 3586 440 3662 presb.
458 3585 495 3646 de
511 3586 608 3644 tribus
628 3587 821 3662 quaestion.,·
841 3588 967 3647 Rabani
980 3587 1123 3664 Archiep.
1139 3587 1321 3663 Mopuntini

44 3733 49 3746 .
98 3685 135 3745 de
151 3683 437 3762 praedestinatione
456 3685 513 3744 Dei
533 3685 619 3760 epist.
641 3685 756 3744 Tamus
770 3685 799 3744 3.
815 3685 910 3746 hebet
932 3685 1038 3744 Caroli
1053 3684 1141 3743 Calai
1160 3691 1190 3744 et
1208 3702 1319 3745 succes·

96 3802 202 3842 sorum
214 3783 333 3859 aliquot
345 3783 501 3842 Francius
520 3799 632 3856 repunt
646 3783 805 3860 capitalem
820 3783 979 3842 Anastasii
991 3782 1222 3842 Bibliothecarii
1234 3785 1322 3844 colle·

97 3889 210 3942 ctanea
219 3901 231 3952 ;
246 3880 382 3957 aspect
393 3881 441 3940 ab.
459 3879 685 3940 Vindocinensis
698 3880 849 3958 epistolas,
871 3881 1027 3957 opuscula,
1048 3897 1211 3955 sermones;
1233 3883 1322 3944 Patri

99 3981 147 4039 ab.
171 3980 304 4040 cellensis
323 3979 522 4055 epistolarum
544 3979 594 4036 lib.
619 3977 651 4037 9.
673 3980 769 4038 Tomo
789 3978 819 4036 4.
843 3978 1044 4055 reperiuntur
1065 3984 1217 4057 opuscula
1236 3983 1323 4058 pole·

100 4078 181 4137 mica
201 4075 238 4136 de
256 4077 474 4136 suburbicariis
492 4076 679 4152 repionibus,
701 4083 731 4136 et
751 4077 878 4136 caelenis
898 4077 1049 4137 adversus
1064 4079 1267 4153 Salmasium3
1284 4079 1322 4140 de

99 4176 224 4235 canonis
236 4177 269 4234 2.
288 4176 378 4236 Cone.
392 4176 582 4235 Arausicani
595 4175 720 4235 lectione
734 4176 888 4236 adversus
903 4176 1083 4252 Aurelium3
1100 4177 1272 4238 dissertatio
1287 4178 1320 4235 in

99 4294 159 4351 qua
173 4275 312 4352 Dionysii
325 4275 519 4347 Parisiensis,
535 4281 565 4334 et
573 4275 711 4352 Dionysii
722 4274 932 4352 Areopapitae
946 4275 1114 4336 discrimen
1128 4276 1316 4336 ostenditur.

102 4406 117 4418 -
140 4375 334 4439 Quaestiones
353 4375 389 4432 de
410 4373 476 4450 lepe
498 4372 705 4443 Celebrandis,
727 4374 763 4432 de
784 4375 982 4452 paragrapho
1002 4377 1142 4434 Duorum
1162 4377 1316 4451 fratrum,

102 4472 137 4532 de
158 4471 224 4532 cad.
245 4472 366 4532 Alarici
383 4472 478 4546 repta
493 4472 622 4530 historia
637 4461 943 4547 praedestinatiana
959 4475 1092 4532 ‘bituria
1107 4475 1319 4550 poenitentiae

98 4573 260 4649 publicae,·
281 4572 440 4630 Diatribae
459 4571 653 4642 sirmitanae,
674 4576 706 4630 et
727 4570 789 4636 alia
813 4572 944 4632 minoris
967 4571 1122 4652 momenti.
1148 4571 1263 4640 Tamus
1286 4574 1316 4641 5.
