<?xml version="1.0" encoding="UTF-8"?>
<!DOCTYPE html PUBLIC "-//W3C//DTD XHTML 1.0 Transitional//EN"
    "http://www.w3.org/TR/xhtml1/DTD/xhtml1-transitional.dtd">
<html xmlns="http://www.w3.org/1999/xhtml" xml:lang="en" lang="en">
 <head>
  <title>
</title>
<meta http-equiv="Content-Type" content="text/html;charset=utf-8" />
  <meta name='ocr-system' content='tesseract 3.04.00' />
  <meta name='ocr-capabilities' content='ocr_page ocr_carea ocr_par ocr_line ocrx_word'/>
</head>
<body>
  <div class='ocr_page' id='page_1' title='image "./enchiridionadsa00natgoog_0134.png"; bbox 0 0 3404 5360; ppageno 0'>
   <div class='ocr_carea' id='block_1_1' title="bbox 74 417 1367 4528">
    <p class='ocr_par' dir='ltr' id='par_1_1' title="bbox 77 417 1317 1276">
     <span class='ocr_line' id='line_1_1' title="bbox 143 417 1317 503; baseline 0.007 -27"><span class='ocrx_word' id='word_1_1' title='bbox 143 417 180 476; x_wconf 85' lang='lat' dir='ltr'><strong>S.</strong></span> <span class='ocrx_word' id='word_1_2' title='bbox 197 418 392 482; x_wconf 77' lang='lat' dir='ltr'><strong>Aernousue</strong></span> <span class='ocrx_word' id='word_1_3' title='bbox 405 437 445 482; x_wconf 77' lang='lat' dir='ltr'><strong>es</strong></span> <span class='ocrx_word' id='word_1_4' title='bbox 457 421 591 483; x_wconf 84' lang='lat' dir='ltr'><strong>choruo</strong></span> <span class='ocrx_word' id='word_1_5' title='bbox 612 421 649 481; x_wconf 76' lang='lat' dir='ltr'><strong>a.</strong></span> <span class='ocrx_word' id='word_1_6' title='bbox 671 422 709 482; x_wconf 91' lang='lat' dir='ltr'><strong>D.</strong></span> <span class='ocrx_word' id='word_1_7' title='bbox 723 421 888 481; x_wconf 86' lang='lat' dir='ltr'><strong>Fundator</strong></span> <span class='ocrx_word' id='word_1_8' title='bbox 901 421 1014 500; x_wconf 79' lang='lat' dir='ltr'><strong>congr.</strong></span> <span class='ocrx_word' id='word_1_9' title='bbox 1031 421 1083 483; x_wconf 87' lang='lat' dir='ltr'><strong>SS.</strong></span> <span class='ocrx_word' id='word_1_10' title='bbox 1100 423 1317 503; x_wconf 83' lang='lat' dir='ltr'><strong>Redemptoris</strong></span> 
     </span>
     <span class='ocr_line' id='line_1_2' title="bbox 88 515 1317 600; baseline 0.007 -25"><span class='ocrx_word' id='word_1_11' title='bbox 88 515 240 596; x_wconf 78' lang='lat' dir='ltr'><strong>(†178&#39;l).</strong></span> <span class='ocrx_word' id='word_1_12' title='bbox 273 519 411 596; x_wconf 85' lang='lat' dir='ltr'><strong>Ingenio</strong></span> <span class='ocrx_word' id='word_1_13' title='bbox 436 523 469 579; x_wconf 87' lang='lat' dir='ltr'><strong>et</strong></span> <span class='ocrx_word' id='word_1_14' title='bbox 489 520 634 580; x_wconf 86' lang='lat' dir='ltr'><strong>doctrine</strong></span> <span class='ocrx_word' id='word_1_15' title='bbox 655 537 750 596; x_wconf 86' lang='lat' dir='ltr'><strong>aeque</strong></span> <span class='ocrx_word' id='word_1_16' title='bbox 781 537 817 578; x_wconf 87' lang='lat' dir='ltr'><strong>ac</strong></span> <span class='ocrx_word' id='word_1_17' title='bbox 850 519 935 580; x_wconf 87' lang='lat' dir='ltr'><strong>vitae</strong></span> <span class='ocrx_word' id='word_1_18' title='bbox 961 520 1133 582; x_wconf 73' lang='lat' dir='ltr'><strong>sanctitate</strong></span> <span class='ocrx_word' id='word_1_19' title='bbox 1153 531 1317 600; x_wconf 86' lang='lat' dir='ltr'><strong>praesten-</strong></span> 
     </span>
     <span class='ocr_line' id='line_1_3' title="bbox 84 613 1313 696; baseline 0.007 -24"><span class='ocrx_word' id='word_1_20' title='bbox 84 613 219 674; x_wconf 81' lang='lat' dir='ltr'><strong>tissimus</strong></span> <span class='ocrx_word' id='word_1_21' title='bbox 241 633 281 674; x_wconf 85' lang='lat' dir='ltr'><strong>ac</strong></span> <span class='ocrx_word' id='word_1_22' title='bbox 312 617 473 677; x_wconf 84' lang='lat' dir='ltr'><strong>divinitus</strong></span> <span class='ocrx_word' id='word_1_23' title='bbox 494 617 588 679; x_wconf 84' lang='lat' dir='ltr'><strong>datus</strong></span> <span class='ocrx_word' id='word_1_24' title='bbox 608 617 648 678; x_wconf 78' lang='lat' dir='ltr'><strong>ed</strong></span> <span class='ocrx_word' id='word_1_25' title='bbox 671 616 871 678; x_wconf 83' lang='lat' dir='ltr'><strong>iansenianos</strong></span> <span class='ocrx_word' id='word_1_26' title='bbox 893 617 1017 696; x_wconf 81' lang='lat' dir='ltr'><strong>rigores</strong></span> <span class='ocrx_word' id='word_1_27' title='bbox 1035 619 1313 693; x_wconf 82' lang='lat' dir='ltr'><strong>exterminandos,</strong></span> 
     </span>
     <span class='ocr_line' id='line_1_4' title="bbox 81 711 1316 792; baseline 0.007 -23"><span class='ocrx_word' id='word_1_28' title='bbox 81 711 204 788; x_wconf 76' lang='lat' dir='ltr'><strong>scripsit</strong></span> <span class='ocrx_word' id='word_1_29' title='bbox 221 713 432 791; x_wconf 80' lang='lat' dir='ltr'><strong>Theolopiam</strong></span> <span class='ocrx_word' id='word_1_30' title='bbox 452 716 604 776; x_wconf 82' lang='lat' dir='ltr'><strong><em>moralem</em></strong></span> <span class='ocrx_word' id='word_1_31' title='bbox 624 747 645 762; x_wconf 93' lang='lat'>-</span> <span class='ocrx_word' id='word_1_32' title='bbox 663 717 830 776; x_wconf 81' lang='lat' dir='ltr'><strong>Hominem</strong></span> <span class='ocrx_word' id='word_1_33' title='bbox 851 717 1051 792; x_wconf 85' lang='lat' dir='ltr'><strong>apostolicum</strong></span> <span class='ocrx_word' id='word_1_34' title='bbox 1079 717 1122 776; x_wconf 89' lang='lat' dir='ltr'><strong>ad</strong></span> <span class='ocrx_word' id='word_1_35' title='bbox 1142 717 1316 778; x_wconf 86' lang='lat' dir='ltr'><strong>audiendas</strong></span> 
     </span>
     <span class='ocr_line' id='line_1_5' title="bbox 79 811 1316 884; baseline 0.006 -17"><span class='ocrx_word' id='word_1_36' title='bbox 79 811 278 884; x_wconf 77' lang='lat' dir='ltr'><strong>confessiones</strong></span> <span class='ocrx_word' id='word_1_37' title='bbox 292 814 476 873; x_wconf 84' lang='lat' dir='ltr'><strong>institutum</strong></span> <span class='ocrx_word' id='word_1_38' title='bbox 495 845 516 860; x_wconf 94' lang='lat'>-</span> <span class='ocrx_word' id='word_1_39' title='bbox 540 815 748 874; x_wconf 84' lang='lat' dir='ltr'><strong>Direotorium</strong></span> <span class='ocrx_word' id='word_1_40' title='bbox 761 813 1013 874; x_wconf 85' lang='lat' dir='ltr'><strong>ordinandorum</strong></span> <span class='ocrx_word' id='word_1_41' title='bbox 1033 849 1054 862; x_wconf 97' lang='lat'>-</span> <span class='ocrx_word' id='word_1_42' title='bbox 1074 816 1210 876; x_wconf 82' lang='lat' dir='ltr'><strong>Praaim</strong></span> <span class='ocrx_word' id='word_1_43' title='bbox 1236 817 1316 876; x_wconf 77' lang='lat' dir='ltr'><strong>Com</strong></span> 
     </span>
     <span class='ocr_line' id='line_1_6' title="bbox 78 908 1315 992; baseline 0.006 -27"><span class='ocrx_word' id='word_1_44' title='bbox 78 908 195 981; x_wconf 70' lang='lat' dir='ltr'><strong>iessarii</strong></span> <span class='ocrx_word' id='word_1_45' title='bbox 215 941 238 954; x_wconf 97' lang='lat'>-</span> <span class='ocrx_word' id='word_1_46' title='bbox 260 911 441 970; x_wconf 83' lang='lat' dir='ltr'><strong>Historiam</strong></span> <span class='ocrx_word' id='word_1_47' title='bbox 461 913 622 972; x_wconf 76' lang='lat' dir='ltr'><strong>haeresum</strong></span> <span class='ocrx_word' id='word_1_48' title='bbox 644 943 661 958; x_wconf 92' lang='lat'>-</span> <span class='ocrx_word' id='word_1_49' title='bbox 685 913 851 972; x_wconf 76' lang='lat' dir='ltr'><strong>conciones</strong></span> <span class='ocrx_word' id='word_1_50' title='bbox 870 913 1003 972; x_wconf 87' lang='lat' dir='ltr'><strong>morales</strong></span> <span class='ocrx_word' id='word_1_51' title='bbox 1029 915 1249 992; x_wconf 78' lang='lat' dir='ltr'><strong>quamplures,</strong></span> <span class='ocrx_word' id='word_1_52' title='bbox 1278 932 1315 973; x_wconf 91' lang='lat' dir='ltr'><strong>ac</strong></span> 
     </span>
     <span class='ocr_line' id='line_1_7' title="bbox 78 1004 1315 1087; baseline 0.006 -25"><span class='ocrx_word' id='word_1_53' title='bbox 78 1004 135 1064; x_wconf 89' lang='lat' dir='ltr'><strong>alia</strong></span> <span class='ocrx_word' id='word_1_54' title='bbox 155 1007 261 1067; x_wconf 88' lang='lat' dir='ltr'><strong>muita</strong></span> <span class='ocrx_word' id='word_1_55' title='bbox 294 1013 366 1068; x_wconf 89' lang='lat' dir='ltr'><strong>tum</strong></span> <span class='ocrx_word' id='word_1_56' title='bbox 388 1009 427 1069; x_wconf 88' lang='lat' dir='ltr'><strong>ad</strong></span> <span class='ocrx_word' id='word_1_57' title='bbox 457 1009 665 1069; x_wconf 88' lang='lat' dir='ltr'><strong>illustrandas</strong></span> <span class='ocrx_word' id='word_1_58' title='bbox 687 1027 737 1069; x_wconf 86' lang='lat' dir='ltr'><strong>res</strong></span> <span class='ocrx_word' id='word_1_59' title='bbox 761 1009 977 1087; x_wconf 81' lang='lat' dir='ltr'><strong>theologicas,</strong></span> <span class='ocrx_word' id='word_1_60' title='bbox 1000 1015 1067 1072; x_wconf 89' lang='lat' dir='ltr'><strong>tum</strong></span> <span class='ocrx_word' id='word_1_61' title='bbox 1088 1012 1127 1070; x_wconf 87' lang='lat' dir='ltr'><strong>ad</strong></span> <span class='ocrx_word' id='word_1_62' title='bbox 1148 1010 1315 1072; x_wconf 85' lang='lat' dir='ltr'><strong>fovendam</strong></span> 
     </span>
     <span class='ocr_line' id='line_1_8' title="bbox 78 1102 1316 1185; baseline 0.008 -25"><span class='ocrx_word' id='word_1_63' title='bbox 78 1102 221 1177; x_wconf 83' lang='lat' dir='ltr'><strong>pietatem</strong></span> <span class='ocrx_word' id='word_1_64' title='bbox 243 1108 427 1184; x_wconf 86' lang='lat' dir='ltr'><strong>aptissima.</strong></span> <span class='ocrx_word' id='word_1_65' title='bbox 463 1107 540 1166; x_wconf 81' lang='lat' dir='ltr'><strong>Eius</strong></span> <span class='ocrx_word' id='word_1_66' title='bbox 573 1107 750 1168; x_wconf 76' lang='lat' dir='ltr'><strong>doctrinam</strong></span> <span class='ocrx_word' id='word_1_67' title='bbox 771 1107 918 1169; x_wconf 86' lang='lat' dir='ltr'><strong>moralem</strong></span> <span class='ocrx_word' id='word_1_68' title='bbox 940 1125 1031 1184; x_wconf 88' lang='lat' dir='ltr'><strong>posse</strong></span> <span class='ocrx_word' id='word_1_69' title='bbox 1060 1116 1211 1185; x_wconf 80' lang='lat' dir='ltr'><strong>quemque</strong></span> <span class='ocrx_word' id='word_1_70' title='bbox 1243 1112 1316 1170; x_wconf 90' lang='lat' dir='ltr'><strong>tuto</strong></span> 
     </span>
     <span class='ocr_line' id='line_1_9' title="bbox 77 1201 712 1276; baseline 0.008 -18"><span class='ocrx_word' id='word_1_71' title='bbox 77 1201 157 1276; x_wconf 86' lang='lat' dir='ltr'><strong>sequi</strong></span> <span class='ocrx_word' id='word_1_72' title='bbox 180 1203 202 1261; x_wconf 90' lang='lat' dir='ltr'><strong>S</strong></span> <span class='ocrx_word' id='word_1_73' title='bbox 237 1205 501 1265; x_wconf 84' lang='lat' dir='ltr'><strong>Poenitcntiaria</strong></span> <span class='ocrx_word' id='word_1_74' title='bbox 525 1205 712 1265; x_wconf 78' lang='lat' dir='ltr'><strong>declaravit.</strong></span> 
     </span>
    </p>

    <p class='ocr_par' dir='ltr' id='par_1_2' title="bbox 74 1300 1317 2067">
     <span class='ocr_line' id='line_1_10' title="bbox 131 1300 1314 1383; baseline 0.003 -24"><span class='ocrx_word' id='word_1_75' title='bbox 131 1300 248 1361; x_wconf 73' lang='lat' dir='ltr'><strong>suern.</strong></span> <span class='ocrx_word' id='word_1_76' title='bbox 275 1304 317 1362; x_wconf 80' lang='lat' dir='ltr'><strong>A.</strong></span> <span class='ocrx_word' id='word_1_77' title='bbox 344 1302 507 1365; x_wconf 79' lang='lat' dir='ltr'><strong>Moacmm</strong></span> <span class='ocrx_word' id='word_1_78' title='bbox 531 1303 561 1362; x_wconf 89' lang='lat' dir='ltr'><strong>S.</strong></span> <span class='ocrx_word' id='word_1_79' title='bbox 584 1303 609 1362; x_wconf 91' lang='lat'><strong>1.</strong></span> <span class='ocrx_word' id='word_1_80' title='bbox 632 1301 749 1382; x_wconf 80' lang='lat'><strong>(1790).</strong></span> <span class='ocrx_word' id='word_1_81' title='bbox 771 1303 849 1363; x_wconf 84' lang='lat' dir='ltr'><strong>Eius</strong></span> <span class='ocrx_word' id='word_1_82' title='bbox 871 1322 966 1381; x_wconf 89' lang='lat' dir='ltr'><strong>opera</strong></span> <span class='ocrx_word' id='word_1_83' title='bbox 988 1308 1063 1364; x_wconf 85' lang='lat' dir='ltr'><strong>sunt</strong></span> <span class='ocrx_word' id='word_1_84' title='bbox 1078 1335 1095 1350; x_wconf 90' lang='lat'>-</span> <span class='ocrx_word' id='word_1_85' title='bbox 1110 1305 1154 1364; x_wconf 90' lang='lat' dir='ltr'><strong>De</strong></span> <span class='ocrx_word' id='word_1_86' title='bbox 1167 1305 1245 1383; x_wconf 79' lang='lat' dir='ltr'><strong>stylo</strong></span> <span class='ocrx_word' id='word_1_87' title='bbox 1266 1306 1314 1364; x_wconf 91' lang='lat' dir='ltr'><strong>in·</strong></span> 
     </span>
     <span class='ocr_line' id='line_1_11' title="bbox 74 1398 1317 1479; baseline 0.006 -25"><span class='ocrx_word' id='word_1_88' title='bbox 74 1398 281 1472; x_wconf 73' lang='lat' dir='ltr'><strong>scriptionum</strong></span> <span class='ocrx_word' id='word_1_89' title='bbox 297 1401 474 1460; x_wconf 87' lang='lat' dir='ltr'><strong>latinarum</strong></span> <span class='ocrx_word' id='word_1_90' title='bbox 489 1401 561 1458; x_wconf 83' lang='lat' dir='ltr'><strong>libri</strong></span> <span class='ocrx_word' id='word_1_91' title='bbox 572 1407 633 1459; x_wconf 88' lang='lat' dir='ltr'><strong>tres</strong></span> <span class='ocrx_word' id='word_1_92' title='bbox 647 1433 664 1446; x_wconf 95' lang='lat'>-</span> <span class='ocrx_word' id='word_1_93' title='bbox 677 1401 895 1479; x_wconf 80' lang='lat' dir='ltr'><strong>inscriptiones</strong></span> <span class='ocrx_word' id='word_1_94' title='bbox 903 1403 1135 1462; x_wconf 89' lang='lat' dir='ltr'><strong>commentariis</strong></span> <span class='ocrx_word' id='word_1_95' title='bbox 1147 1403 1287 1462; x_wconf 85' lang='lat' dir='ltr'><strong>subiectis</strong></span> <span class='ocrx_word' id='word_1_96' title='bbox 1296 1435 1317 1448; x_wconf 98' lang='lat'>-</span> 
     </span>
     <span class='ocr_line' id='line_1_12' title="bbox 77 1497 1317 1577; baseline 0.011 -33"><span class='ocrx_word' id='word_1_97' title='bbox 77 1497 260 1550; x_wconf 80' lang='grc' dir='ltr'><strong>ΠΑΡΕΡΓΟΝ</strong></span> <span class='ocrx_word' id='word_1_98' title='bbox 273 1500 515 1577; x_wconf 80' lang='lat' dir='ltr'><strong>inscriptionum</strong></span> <span class='ocrx_word' id='word_1_99' title='bbox 526 1499 765 1558; x_wconf 84' lang='lat' dir='ltr'><strong>novissimorum</strong></span> <span class='ocrx_word' id='word_1_100' title='bbox 775 1500 813 1560; x_wconf 85' lang='lat' dir='ltr'><strong>od</strong></span> <span class='ocrx_word' id='word_1_101' title='bbox 823 1517 907 1559; x_wconf 90' lang='lat' dir='ltr'><strong>anno</strong></span> <span class='ocrx_word' id='word_1_102' title='bbox 924 1499 1038 1559; x_wconf 82' lang='lat'><em>1784-</em></span> <span class='ocrx_word' id='word_1_103' title='bbox 1047 1501 1234 1560; x_wconf 85' lang='lat' dir='ltr'><strong>Sermonum</strong></span> <span class='ocrx_word' id='word_1_104' title='bbox 1245 1501 1317 1559; x_wconf 81' lang='lat' dir='ltr'><strong>libri</strong></span> 
     </span>
     <span class='ocr_line' id='line_1_13' title="bbox 78 1591 1316 1673; baseline 0.009 -25"><span class='ocrx_word' id='word_1_105' title='bbox 78 1591 337 1656; x_wconf 84' lang='lat' dir='ltr'><strong>duo-Indicatio</strong></span> <span class='ocrx_word' id='word_1_106' title='bbox 372 1598 602 1673; x_wconf 82' lang='lat' dir='ltr'><strong>antiquitatum</strong></span> <span class='ocrx_word' id='word_1_107' title='bbox 623 1598 737 1656; x_wconf 88' lang='lat' dir='ltr'><strong>Domus</strong></span> <span class='ocrx_word' id='word_1_108' title='bbox 757 1598 937 1658; x_wconf 80' lang='lat' dir='ltr'><strong>Albaniae·</strong></span> <span class='ocrx_word' id='word_1_109' title='bbox 951 1598 1180 1658; x_wconf 88' lang='lat' dir='ltr'><strong>Kalendarium</strong></span> <span class='ocrx_word' id='word_1_110' title='bbox 1212 1599 1316 1659; x_wconf 81' lang='lat' dir='ltr'><strong>Eccle-</strong></span> 
     </span>
     <span class='ocr_line' id='line_1_14' title="bbox 75 1691 1316 1773; baseline 0.004 -24"><span class='ocrx_word' id='word_1_111' title='bbox 75 1691 133 1749; x_wconf 88' lang='lat' dir='ltr'><strong>siae</strong></span> <span class='ocrx_word' id='word_1_112' title='bbox 147 1693 522 1773; x_wconf 81' lang='lat' dir='ltr'><strong>Constantinopolitanae</strong></span> <span class='ocrx_word' id='word_1_113' title='bbox 545 1696 610 1755; x_wconf 80' lang='lat'><strong>010</strong></span> <span class='ocrx_word' id='word_1_114' title='bbox 633 1713 791 1756; x_wconf 90' lang='lat' dir='ltr'><strong>annorum</strong></span> <span class='ocrx_word' id='word_1_115' title='bbox 811 1703 960 1756; x_wconf 85' lang='lat' dir='ltr'><strong>uetustate</strong></span> <span class='ocrx_word' id='word_1_116' title='bbox 981 1697 1121 1771; x_wconf 78' lang='lat' dir='ltr'><strong>insipne,</strong></span> <span class='ocrx_word' id='word_1_117' title='bbox 1144 1713 1316 1756; x_wconf 75' lang='lat' dir='ltr'><strong>cumcons-</strong></span> 
     </span>
     <span class='ocr_line' id='line_1_15' title="bbox 76 1792 1316 1870; baseline 0.008 -26"><span class='ocrx_word' id='word_1_118' title='bbox 76 1792 239 1850; x_wconf 83' lang='lat' dir='ltr'><strong>meutariis</strong></span> <span class='ocrx_word' id='word_1_119' title='bbox 261 1825 280 1840; x_wconf 94' lang='lat'>-</span> <span class='ocrx_word' id='word_1_120' title='bbox 302 1794 418 1870; x_wconf 80' lang='lat' dir='ltr'><strong>Africa</strong></span> <span class='ocrx_word' id='word_1_121' title='bbox 446 1793 626 1853; x_wconf 78' lang='lat' dir='ltr'><strong>Ohm‘stiana</strong></span> <span class='ocrx_word' id='word_1_122' title='bbox 650 1794 684 1851; x_wconf 87' lang='lat' dir='ltr'><strong>in</strong></span> <span class='ocrx_word' id='word_1_123' title='bbox 708 1799 771 1853; x_wconf 89' lang='lat' dir='ltr'><strong>tres</strong></span> <span class='ocrx_word' id='word_1_124' title='bbox 795 1801 903 1870; x_wconf 86' lang='lat' dir='ltr'><strong>partes</strong></span> <span class='ocrx_word' id='word_1_125' title='bbox 925 1793 1045 1852; x_wconf 78' lang='lat' dir='ltr'><strong>tribuna</strong></span> <span class='ocrx_word' id='word_1_126' title='bbox 1066 1823 1083 1842; x_wconf 84' lang='lat'><strong>·</strong></span> <span class='ocrx_word' id='word_1_127' title='bbox 1106 1794 1217 1852; x_wconf 85' lang='lat' dir='ltr'><strong>Sancti</strong></span> <span class='ocrx_word' id='word_1_128' title='bbox 1239 1793 1316 1854; x_wconf 83' lang='lat' dir='ltr'><strong>Gre-</strong></span> 
     </span>
     <span class='ocr_line' id='line_1_16' title="bbox 76 1888 1311 1968; baseline 0.006 -24"><span class='ocrx_word' id='word_1_129' title='bbox 76 1888 155 1958; x_wconf 80' lang='lat' dir='ltr'><strong>porii</strong></span> <span class='ocrx_word' id='word_1_130' title='bbox 185 1896 246 1949; x_wconf 92' lang='lat' dir='ltr'><strong>etc.</strong></span> <span class='ocrx_word' id='word_1_131' title='bbox 281 1891 370 1952; x_wconf 79' lang='lat' dir='ltr'><strong>Libri</strong></span> <span class='ocrx_word' id='word_1_132' title='bbox 399 1889 433 1950; x_wconf 83' lang='lat' dir='ltr'><em>X</em></span> <span class='ocrx_word' id='word_1_133' title='bbox 458 1909 569 1966; x_wconf 77' lang='lat' dir='ltr'><strong>praece</strong></span> <span class='ocrx_word' id='word_1_134' title='bbox 595 1893 738 1968; x_wconf 86' lang='lat' dir='ltr'><strong>primum</strong></span> <span class='ocrx_word' id='word_1_135' title='bbox 760 1897 790 1950; x_wconf 90' lang='lat' dir='ltr'><strong>et</strong></span> <span class='ocrx_word' id='word_1_136' title='bbox 813 1909 884 1951; x_wconf 92' lang='lat' dir='ltr'><strong>cum</strong></span> <span class='ocrx_word' id='word_1_137' title='bbox 914 1892 1015 1951; x_wconf 86' lang='lat' dir='ltr'><strong>latina</strong></span> <span class='ocrx_word' id='word_1_138' title='bbox 1045 1891 1311 1968; x_wconf 59' lang='lat' dir='ltr'><strong>interpretaione.</strong></span> 
     </span>
     <span class='ocr_line' id='line_1_17' title="bbox 76 1988 1232 2067; baseline 0.003 -24"><span class='ocrx_word' id='word_1_139' title='bbox 76 1995 289 2059; x_wconf 79' lang='grc' dir='ltr'><strong>ΜΙΧΑΗΛΕΙΑ,</strong></span> <span class='ocrx_word' id='word_1_140' title='bbox 309 1991 372 2049; x_wconf 85' lang='lat' dir='ltr'><strong>siue</strong></span> <span class='ocrx_word' id='word_1_141' title='bbox 392 1988 457 2049; x_wconf 87' lang='lat' dir='ltr'><strong>dies</strong></span> <span class='ocrx_word' id='word_1_142' title='bbox 475 1991 550 2065; x_wconf 82' lang='lat' dir='ltr'><strong>sesti</strong></span> <span class='ocrx_word' id='word_1_143' title='bbox 569 1989 728 2066; x_wconf 83' lang='lat' dir='ltr'><strong>Principis</strong></span> <span class='ocrx_word' id='word_1_144' title='bbox 748 1991 934 2065; x_wconf 77' lang='lat' dir='ltr'><strong>anpelorum</strong></span> <span class='ocrx_word' id='word_1_145' title='bbox 955 1989 1041 2067; x_wconf 90' lang='lat' dir='ltr'><strong>apud</strong></span> <span class='ocrx_word' id='word_1_146' title='bbox 1063 1990 1232 2049; x_wconf 84' lang='lat' dir='ltr'><strong>Claremes.</strong></span> 
     </span>
    </p>

    <p class='ocr_par' dir='ltr' id='par_1_3' title="bbox 77 2083 1316 3331">
     <span class='ocr_line' id='line_1_18' title="bbox 131 2083 1316 2167; baseline 0.003 -25"><span class='ocrx_word' id='word_1_147' title='bbox 131 2083 273 2148; x_wconf 75' lang='lat' dir='ltr'><strong>Tsouas</strong></span> <span class='ocrx_word' id='word_1_148' title='bbox 294 2088 339 2146; x_wconf 86' lang='lat' dir='ltr'><strong>M.</strong></span> <span class='ocrx_word' id='word_1_149' title='bbox 363 2087 514 2148; x_wconf 77' lang='lat' dir='ltr'><strong>Msuacsr</strong></span> <span class='ocrx_word' id='word_1_150' title='bbox 537 2088 613 2149; x_wconf 80' lang='lat' dir='ltr'><strong>Oen.</strong></span> <span class='ocrx_word' id='word_1_151' title='bbox 635 2089 754 2148; x_wconf 74' lang='lat' dir='ltr'><strong>Pareo.</strong></span> <span class='ocrx_word' id='word_1_152' title='bbox 777 2088 813 2166; x_wconf 50' lang='grc' dir='ltr'><strong>(ἡ</strong></span> <span class='ocrx_word' id='word_1_153' title='bbox 838 2087 939 2167; x_wconf 82' lang='lat'><strong>1792).</strong></span> <span class='ocrx_word' id='word_1_154' title='bbox 965 2091 1000 2148; x_wconf 90' lang='lat' dir='ltr'><strong>In</strong></span> <span class='ocrx_word' id='word_1_155' title='bbox 1021 2089 1123 2147; x_wconf 89' lang='lat' dir='ltr'><strong>lucem</strong></span> <span class='ocrx_word' id='word_1_156' title='bbox 1151 2087 1235 2147; x_wconf 83' lang='lat' dir='ltr'><strong>dedit</strong></span> <span class='ocrx_word' id='word_1_157' title='bbox 1263 2085 1316 2146; x_wconf 86' lang='lat' dir='ltr'><strong>Li·</strong></span> 
     </span>
     <span class='ocr_line' id='line_1_19' title="bbox 77 2177 1316 2262; baseline 0.006 -27"><span class='ocrx_word' id='word_1_158' title='bbox 77 2177 140 2238; x_wconf 84' lang='lat' dir='ltr'><strong>lros</strong></span> <span class='ocrx_word' id='word_1_159' title='bbox 159 2183 194 2242; x_wconf 79' lang='lat'><strong>2.</strong></span> <span class='ocrx_word' id='word_1_160' title='bbox 220 2186 440 2262; x_wconf 79' lang='lat' dir='ltr'><strong>Epistularum</strong></span> <span class='ocrx_word' id='word_1_161' title='bbox 461 2185 504 2244; x_wconf 91' lang='lat' dir='ltr'><strong>ad</strong></span> <span class='ocrx_word' id='word_1_162' title='bbox 524 2185 678 2244; x_wconf 87' lang='lat' dir='ltr'><strong>Iustinum</strong></span> <span class='ocrx_word' id='word_1_163' title='bbox 699 2185 889 2244; x_wconf 84' lang='lat' dir='ltr'><strong>Febronium</strong></span> <span class='ocrx_word' id='word_1_164' title='bbox 908 2185 946 2246; x_wconf 87' lang='lat' dir='ltr'><strong>de</strong></span> <span class='ocrx_word' id='word_1_165' title='bbox 967 2186 1108 2261; x_wconf 79' lang='lat' dir='ltr'><strong>lepitima</strong></span> <span class='ocrx_word' id='word_1_166' title='bbox 1135 2188 1175 2245; x_wconf 85' lang='lat' dir='ltr'><strong>R.</strong></span> <span class='ocrx_word' id='word_1_167' title='bbox 1206 2185 1316 2244; x_wconf 88' lang='lat' dir='ltr'><strong>Ponti·</strong></span> 
     </span>
     <span class='ocr_line' id='line_1_20' title="bbox 77 2278 1314 2360; baseline 0.005 -24"><span class='ocrx_word' id='word_1_168' title='bbox 77 2278 139 2354; x_wconf 76' lang='lat' dir='ltr'><strong>ficis</strong></span> <span class='ocrx_word' id='word_1_169' title='bbox 158 2284 355 2343; x_wconf 87' lang='lat' dir='ltr'><strong>auctoritate</strong></span> <span class='ocrx_word' id='word_1_170' title='bbox 374 2315 395 2330; x_wconf 91' lang='lat'><em>-</em></span> <span class='ocrx_word' id='word_1_171' title='bbox 415 2283 569 2344; x_wconf 85' lang='lat' dir='ltr'><strong>lactatam</strong></span> <span class='ocrx_word' id='word_1_172' title='bbox 592 2283 821 2360; x_wconf 78' lang='lat' dir='ltr'><strong>philosophiam</strong></span> <span class='ocrx_word' id='word_1_173' title='bbox 847 2287 1056 2344; x_wconf 80' lang='lat' dir='ltr'><strong>recentiorum</strong></span> <span class='ocrx_word' id='word_1_174' title='bbox 1083 2283 1314 2344; x_wconf 85' lang='lat' dir='ltr'><strong>incredulorum</strong></span> 
     </span>
     <span class='ocr_line' id='line_1_21' title="bbox 79 2381 1314 2459; baseline 0.004 -25"><span class='ocrx_word' id='word_1_175' title='bbox 79 2381 301 2442; x_wconf 83' lang='lat' dir='ltr'><strong>acuminatam</strong></span> <span class='ocrx_word' id='word_1_176' title='bbox 332 2389 363 2442; x_wconf 91' lang='lat' dir='ltr'><strong>et</strong></span> <span class='ocrx_word' id='word_1_177' title='bbox 392 2382 558 2442; x_wconf 59' lang='lat' dir='ltr'><strong>decumam</strong></span> <span class='ocrx_word' id='word_1_178' title='bbox 586 2413 604 2428; x_wconf 87' lang='lat'>-</span> <span class='ocrx_word' id='word_1_179' title='bbox 633 2382 742 2440; x_wconf 86' lang='lat' dir='ltr'><strong>Libros</strong></span> <span class='ocrx_word' id='word_1_180' title='bbox 768 2383 813 2441; x_wconf 86' lang='lat'><strong>20</strong></span> <span class='ocrx_word' id='word_1_181' title='bbox 844 2383 1003 2458; x_wconf 77' lang='lat' dir='ltr'><strong>oripinum</strong></span> <span class='ocrx_word' id='word_1_182' title='bbox 1031 2391 1060 2443; x_wconf 91' lang='lat' dir='ltr'><strong>et</strong></span> <span class='ocrx_word' id='word_1_183' title='bbox 1086 2383 1314 2459; x_wconf 79' lang='lat' dir='ltr'><strong>antiquitatum</strong></span> 
     </span>
     <span class='ocr_line' id='line_1_22' title="bbox 78 2475 1313 2558; baseline 0.008 -28"><span class='ocrx_word' id='word_1_184' title='bbox 78 2475 326 2540; x_wconf 86' lang='lat' dir='ltr'><strong>christianarum</strong></span> <span class='ocrx_word' id='word_1_185' title='bbox 346 2513 364 2526; x_wconf 92' lang='lat'>-</span> <span class='ocrx_word' id='word_1_186' title='bbox 388 2481 527 2541; x_wconf 83' lang='lat' dir='ltr'><strong>Annales</strong></span> <span class='ocrx_word' id='word_1_187' title='bbox 549 2479 674 2558; x_wconf 64' lang='lat' dir='ltr'><strong>Ordinis</strong></span> <span class='ocrx_word' id='word_1_188' title='bbox 695 2481 969 2540; x_wconf 85' lang='lat' dir='ltr'><strong>Praedicatorum:</strong></span> <span class='ocrx_word' id='word_1_189' title='bbox 997 2481 1129 2558; x_wconf 87' lang='lat' dir='ltr'><strong>scripsit</strong></span> <span class='ocrx_word' id='word_1_190' title='bbox 1149 2484 1313 2558; x_wconf 85' lang='lat' dir='ltr'><strong>practerea</strong></span> 
     </span>
     <span class='ocr_line' id='line_1_23' title="bbox 80 2571 1316 2657; baseline 0.004 -25"><span class='ocrx_word' id='word_1_191' title='bbox 80 2571 114 2632; x_wconf 88' lang='lat' dir='ltr'><strong>de</strong></span> <span class='ocrx_word' id='word_1_192' title='bbox 132 2579 304 2641; x_wconf 82' lang='lat' dir='ltr'><strong>animabus</strong></span> <span class='ocrx_word' id='word_1_193' title='bbox 322 2581 475 2639; x_wconf 86' lang='lat' dir='ltr'><strong>iustorum</strong></span> <span class='ocrx_word' id='word_1_194' title='bbox 496 2579 530 2637; x_wconf 88' lang='lat' dir='ltr'><strong>in</strong></span> <span class='ocrx_word' id='word_1_195' title='bbox 549 2579 620 2637; x_wconf 89' lang='lat' dir='ltr'><strong>sinu</strong></span> <span class='ocrx_word' id='word_1_196' title='bbox 639 2579 785 2638; x_wconf 82' lang='lat' dir='ltr'><strong>Abrahae</strong></span> <span class='ocrx_word' id='word_1_197' title='bbox 806 2585 880 2638; x_wconf 90' lang='lat' dir='ltr'><strong>ante</strong></span> <span class='ocrx_word' id='word_1_198' title='bbox 902 2580 1018 2638; x_wconf 81' lang='lat' dir='ltr'><strong>Christi</strong></span> <span class='ocrx_word' id='word_1_199' title='bbox 1046 2588 1176 2640; x_wconf 90' lang='lat' dir='ltr'><strong>mortem</strong></span> <span class='ocrx_word' id='word_1_200' title='bbox 1206 2596 1316 2657; x_wconf 84' lang='lat' dir='ltr'><strong>eaper-</strong></span> 
     </span>
     <span class='ocr_line' id='line_1_24' title="bbox 80 2671 1315 2755; baseline 0.003 -23"><span class='ocrx_word' id='word_1_201' title='bbox 80 2671 155 2732; x_wconf 84' lang='lat' dir='ltr'><strong>tilus</strong></span> <span class='ocrx_word' id='word_1_202' title='bbox 168 2675 282 2739; x_wconf 82' lang='lat' dir='ltr'><strong>heatae</strong></span> <span class='ocrx_word' id='word_1_203' title='bbox 296 2679 420 2738; x_wconf 87' lang='lat' dir='ltr'><strong>cisionis</strong></span> <span class='ocrx_word' id='word_1_204' title='bbox 432 2679 489 2738; x_wconf 89' lang='lat' dir='ltr'><strong>Dei</strong></span> <span class='ocrx_word' id='word_1_205' title='bbox 501 2677 569 2736; x_wconf 83' lang='lat' dir='ltr'><strong>Lib.</strong></span> <span class='ocrx_word' id='word_1_206' title='bbox 585 2677 610 2735; x_wconf 78' lang='lat'><em>2</em></span> <span class='ocrx_word' id='word_1_207' title='bbox 624 2708 641 2720; x_wconf 96' lang='lat'>-</span> <span class='ocrx_word' id='word_1_208' title='bbox 656 2677 700 2736; x_wconf 87' lang='lat' dir='ltr'><strong>De</strong></span> <span class='ocrx_word' id='word_1_209' title='bbox 713 2678 913 2753; x_wconf 65' lang='lat' dir='ltr'><strong>chronologia</strong></span> <span class='ocrx_word' id='word_1_210' title='bbox 934 2679 1113 2755; x_wconf 64' lang='lat' dir='ltr'><strong>euangelica</strong></span> <span class='ocrx_word' id='word_1_211' title='bbox 1126 2711 1147 2725; x_wconf 93' lang='lat'>-</span> <span class='ocrx_word' id='word_1_212' title='bbox 1160 2680 1203 2738; x_wconf 90' lang='lat' dir='ltr'><strong>De</strong></span> <span class='ocrx_word' id='word_1_213' title='bbox 1217 2679 1315 2738; x_wconf 91' lang='lat' dir='ltr'><strong>ethni-</strong></span> 
     </span>
     <span class='ocr_line' id='line_1_25' title="bbox 80 2775 1313 2854; baseline 0.007 -27"><span class='ocrx_word' id='word_1_214' title='bbox 80 2787 185 2835; x_wconf 91' lang='lat' dir='ltr'><strong>corum</strong></span> <span class='ocrx_word' id='word_1_215' title='bbox 207 2778 354 2848; x_wconf 84' lang='lat' dir='ltr'><strong>oraculis,</strong></span> <span class='ocrx_word' id='word_1_216' title='bbox 376 2776 415 2837; x_wconf 88' lang='lat' dir='ltr'><strong>de</strong></span> <span class='ocrx_word' id='word_1_217' title='bbox 434 2777 548 2835; x_wconf 76' lang='lat' dir='ltr'><strong>viriam</strong></span> <span class='ocrx_word' id='word_1_218' title='bbox 569 2775 678 2834; x_wconf 81' lang='lat' dir='ltr'><strong>Crucis</strong></span> <span class='ocrx_word' id='word_1_219' title='bbox 697 2775 805 2835; x_wconf 83' lang='lat' dir='ltr'><strong>habita</strong></span> <span class='ocrx_word' id='word_1_220' title='bbox 834 2795 855 2836; x_wconf 92' lang='lat' dir='ltr'><strong>a</strong></span> <span class='ocrx_word' id='word_1_221' title='bbox 883 2777 1064 2837; x_wconf 80' lang='lat' dir='ltr'><strong>Costantino</strong></span> <span class='ocrx_word' id='word_1_222' title='bbox 1085 2778 1205 2854; x_wconf 80' lang='lat' dir='ltr'><strong>Mapno</strong></span> <span class='ocrx_word' id='word_1_223' title='bbox 1226 2784 1257 2837; x_wconf 86' lang='lat' dir='ltr'><strong>et</strong></span> <span class='ocrx_word' id='word_1_224' title='bbox 1276 2775 1313 2836; x_wconf 88' lang='lat' dir='ltr'><strong>de</strong></span> 
     </span>
     <span class='ocr_line' id='line_1_26' title="bbox 80 2875 1315 2953; baseline 0.001 -22"><span class='ocrx_word' id='word_1_225' title='bbox 80 2877 265 2950; x_wconf 80' lang='lat' dir='ltr'><strong>eoanpelica</strong></span> <span class='ocrx_word' id='word_1_226' title='bbox 284 2876 472 2937; x_wconf 82' lang='lat' dir='ltr'><strong>chronotaai</strong></span> <span class='ocrx_word' id='word_1_227' title='bbox 490 2905 512 2920; x_wconf 89' lang='lat'>-</span> <span class='ocrx_word' id='word_1_228' title='bbox 530 2875 574 2934; x_wconf 88' lang='lat' dir='ltr'><strong>De</strong></span> <span class='ocrx_word' id='word_1_229' title='bbox 595 2875 732 2933; x_wconf 87' lang='lat' dir='ltr'><strong>moribus</strong></span> <span class='ocrx_word' id='word_1_230' title='bbox 752 2883 782 2935; x_wconf 90' lang='lat' dir='ltr'><strong>et</strong></span> <span class='ocrx_word' id='word_1_231' title='bbox 801 2877 904 2935; x_wconf 70' lang='lat' dir='ltr'><strong>umbus</strong></span> <span class='ocrx_word' id='word_1_232' title='bbox 918 2878 1097 2953; x_wconf 89' lang='lat' dir='ltr'><strong>primorum</strong></span> <span class='ocrx_word' id='word_1_233' title='bbox 1120 2875 1315 2934; x_wconf 82' lang='lat' dir='ltr'><strong>Christiano-</strong></span> 
     </span>
     <span class='ocr_line' id='line_1_27' title="bbox 79 2972 1312 3052; baseline 0 -22"><span class='ocrx_word' id='word_1_234' title='bbox 79 2988 148 3030; x_wconf 84' lang='lat' dir='ltr'><strong>rum</strong></span> <span class='ocrx_word' id='word_1_235' title='bbox 169 3007 188 3020; x_wconf 87' lang='lat'><em>-</em></span> <span class='ocrx_word' id='word_1_236' title='bbox 209 2977 256 3036; x_wconf 90' lang='lat' dir='ltr'><strong>De</strong></span> <span class='ocrx_word' id='word_1_237' title='bbox 276 2976 345 3035; x_wconf 89' lang='lat' dir='ltr'><strong>iure</strong></span> <span class='ocrx_word' id='word_1_238' title='bbox 365 2975 519 3035; x_wconf 80' lang='lat' dir='ltr'><strong>Ecclesiae</strong></span> <span class='ocrx_word' id='word_1_239' title='bbox 539 2972 724 3048; x_wconf 80' lang='lat' dir='ltr'><strong>acquirendi</strong></span> <span class='ocrx_word' id='word_1_240' title='bbox 744 2974 824 3033; x_wconf 89' lang='lat' dir='ltr'><strong>bono</strong></span> <span class='ocrx_word' id='word_1_241' title='bbox 845 2975 1031 3052; x_wconf 90' lang='lat' dir='ltr'><strong>temporalia</strong></span> <span class='ocrx_word' id='word_1_242' title='bbox 1053 3005 1068 3020; x_wconf 93' lang='lat'>-</span> <span class='ocrx_word' id='word_1_243' title='bbox 1091 2973 1144 3032; x_wconf 82' lang='lat' dir='ltr'><strong>Aa</strong></span> <span class='ocrx_word' id='word_1_244' title='bbox 1164 2975 1312 3032; x_wconf 86' lang='lat' dir='ltr'><strong>Ioannem</strong></span> 
     </span>
     <span class='ocr_line' id='line_1_28' title="bbox 79 3068 1313 3147; baseline 0.001 -20"><span class='ocrx_word' id='word_1_245' title='bbox 79 3068 281 3134; x_wconf 87' lang='lat' dir='ltr'><strong>Dominicum</strong></span> <span class='ocrx_word' id='word_1_246' title='bbox 301 3074 462 3133; x_wconf 82' lang='lat' dir='ltr'><strong>Maesium</strong></span> <span class='ocrx_word' id='word_1_247' title='bbox 483 3071 520 3131; x_wconf 89' lang='lat' dir='ltr'><strong>de</strong></span> <span class='ocrx_word' id='word_1_248' title='bbox 540 3072 663 3130; x_wconf 92' lang='lat' dir='ltr'><strong>ratione</strong></span> <span class='ocrx_word' id='word_1_249' title='bbox 685 3077 858 3147; x_wconf 91' lang='lat' dir='ltr'><strong>temporum</strong></span> <span class='ocrx_word' id='word_1_250' title='bbox 879 3073 1117 3131; x_wconf 84' lang='lat' dir='ltr'><strong>athanasiorum</strong></span> <span class='ocrx_word' id='word_1_251' title='bbox 1139 3069 1235 3147; x_wconf 81' lang='lat' dir='ltr'><strong>deque</strong></span> <span class='ocrx_word' id='word_1_252' title='bbox 1255 3069 1313 3129; x_wconf 90' lang='lat' dir='ltr'><strong>ali-</strong></span> 
     </span>
     <span class='ocr_line' id='line_1_29' title="bbox 81 3167 1314 3250; baseline 0.001 -24"><span class='ocrx_word' id='word_1_253' title='bbox 81 3176 153 3239; x_wconf 80' lang='lat' dir='ltr'><strong>quot</strong></span> <span class='ocrx_word' id='word_1_254' title='bbox 172 3171 302 3250; x_wconf 76' lang='lat' dir='ltr'><strong>synodis</strong></span> <span class='ocrx_word' id='word_1_255' title='bbox 322 3179 435 3248; x_wconf 83' lang='lat' dir='ltr'><strong>quarto</strong></span> <span class='ocrx_word' id='word_1_256' title='bbox 455 3170 553 3230; x_wconf 90' lang='lat' dir='ltr'><strong>seculo</strong></span> <span class='ocrx_word' id='word_1_257' title='bbox 574 3169 733 3230; x_wconf 85' lang='lat' dir='ltr'><strong>celebratis</strong></span> <span class='ocrx_word' id='word_1_258' title='bbox 753 3170 894 3246; x_wconf 87' lang='lat' dir='ltr'><strong>epistolas</strong></span> <span class='ocrx_word' id='word_1_259' title='bbox 914 3176 1050 3246; x_wconf 81' lang='lat' dir='ltr'><strong>quatuor</strong></span> <span class='ocrx_word' id='word_1_260' title='bbox 1067 3201 1084 3214; x_wconf 95' lang='lat'>-</span> <span class='ocrx_word' id='word_1_261' title='bbox 1106 3169 1150 3228; x_wconf 87' lang='lat' dir='ltr'><strong>De</strong></span> <span class='ocrx_word' id='word_1_262' title='bbox 1171 3167 1314 3228; x_wconf 83' lang='lat' dir='ltr'><strong>laudibus</strong></span> 
     </span>
     <span class='ocr_line' id='line_1_30' title="bbox 81 3263 590 3331; baseline 0 -5"><span class='ocrx_word' id='word_1_263' title='bbox 81 3263 192 3329; x_wconf 84' lang='lat' dir='ltr'><strong>Leonis</strong></span> <span class='ocrx_word' id='word_1_264' title='bbox 214 3271 249 3329; x_wconf 88' lang='grc' dir='ltr'><em>Χ</em></span> <span class='ocrx_word' id='word_1_265' title='bbox 268 3271 306 3331; x_wconf 93' lang='lat' dir='ltr'><strong>P.</strong></span> <span class='ocrx_word' id='word_1_266' title='bbox 327 3271 374 3329; x_wconf 86' lang='lat' dir='ltr'><strong>M.</strong></span> <span class='ocrx_word' id='word_1_267' title='bbox 401 3270 590 3330; x_wconf 86' lang='lat' dir='ltr'><strong>Orationem.</strong></span> 
     </span>
    </p>

    <p class='ocr_par' dir='ltr' id='par_1_4' title="bbox 81 3353 1314 3946">
     <span class='ocr_line' id='line_1_31' title="bbox 137 3353 1312 3448; baseline -0.003 -18"><span class='ocrx_word' id='word_1_268' title='bbox 137 3353 338 3432; x_wconf 65' lang='lat' dir='ltr'><strong>siciturus</strong></span> <span class='ocrx_word' id='word_1_269' title='bbox 358 3372 551 3431; x_wconf 61' lang='lat' dir='ltr'><strong>cononicis</strong></span> <span class='ocrx_word' id='word_1_270' title='bbox 573 3369 604 3427; x_wconf 92' lang='lat' dir='ltr'><strong>s.</strong></span> <span class='ocrx_word' id='word_1_271' title='bbox 627 3369 652 3428; x_wconf 89' lang='lat'><strong>1.</strong></span> <span class='ocrx_word' id='word_1_272' title='bbox 675 3365 712 3448; x_wconf 68' lang='lat' dir='ltr'><strong>(r</strong></span> <span class='ocrx_word' id='word_1_273' title='bbox 736 3365 838 3447; x_wconf 79' lang='lat'><strong>1794).</strong></span> <span class='ocrx_word' id='word_1_274' title='bbox 862 3366 970 3428; x_wconf 77' lang='lat' dir='ltr'><strong>morou</strong></span> <span class='ocrx_word' id='word_1_275' title='bbox 991 3365 1257 3428; x_wconf 78' lang='lat' dir='ltr'><strong>introductionem</strong></span> <span class='ocrx_word' id='word_1_276' title='bbox 1278 3368 1312 3426; x_wconf 78' lang='lat' dir='ltr'><strong>m</strong></span> 
     </span>
     <span class='ocr_line' id='line_1_32' title="bbox 85 3461 1313 3541; baseline 0 -17"><span class='ocrx_word' id='word_1_277' title='bbox 85 3461 118 3521; x_wconf 86' lang='lat' dir='ltr'><strong>V.</strong></span> <span class='ocrx_word' id='word_1_278' title='bbox 140 3473 169 3525; x_wconf 88' lang='lat' dir='ltr'><strong>et</strong></span> <span class='ocrx_word' id='word_1_279' title='bbox 189 3465 232 3529; x_wconf 90' lang='lat' dir='ltr'><strong>N.</strong></span> <span class='ocrx_word' id='word_1_280' title='bbox 251 3467 479 3527; x_wconf 81' lang='lat' dir='ltr'><strong>Testamentum</strong></span> <span class='ocrx_word' id='word_1_281' title='bbox 493 3473 523 3527; x_wconf 91' lang='lat' dir='ltr'><strong>et</strong></span> <span class='ocrx_word' id='word_1_282' title='bbox 535 3465 575 3526; x_wconf 89' lang='lat' dir='ltr'><strong>N.</strong></span> <span class='ocrx_word' id='word_1_283' title='bbox 597 3466 783 3526; x_wconf 83' lang='lat' dir='ltr'><strong>Testamenti</strong></span> <span class='ocrx_word' id='word_1_284' title='bbox 797 3473 920 3527; x_wconf 77' lang='lat' dir='ltr'><strong>temtum</strong></span> <span class='ocrx_word' id='word_1_285' title='bbox 934 3467 1120 3541; x_wconf 78' lang='lat' dir='ltr'><strong>oripinalem</strong></span> <span class='ocrx_word' id='word_1_286' title='bbox 1134 3486 1205 3527; x_wconf 88' lang='lat' dir='ltr'><strong>cum</strong></span> <span class='ocrx_word' id='word_1_287' title='bbox 1216 3468 1313 3526; x_wconf 76' lang='lat' dir='ltr'><strong>camis</strong></span> 
     </span>
     <span class='ocr_line' id='line_1_33' title="bbox 84 3558 1314 3642; baseline 0.001 -22"><span class='ocrx_word' id='word_1_288' title='bbox 84 3558 262 3624; x_wconf 85' lang='lat' dir='ltr'><strong>lectionibus</strong></span> <span class='ocrx_word' id='word_1_289' title='bbox 282 3566 391 3642; x_wconf 83' lang='lat' dir='ltr'><strong>quihus</strong></span> <span class='ocrx_word' id='word_1_290' title='bbox 403 3566 535 3640; x_wconf 78' lang='lat' dir='ltr'><strong>culpata</strong></span> <span class='ocrx_word' id='word_1_291' title='bbox 545 3565 640 3624; x_wconf 84' lang='lat' dir='ltr'><strong>versio</strong></span> <span class='ocrx_word' id='word_1_292' title='bbox 651 3566 869 3642; x_wconf 77' lang='lat' dir='ltr'><strong>confirmatur.</strong></span> <span class='ocrx_word' id='word_1_293' title='bbox 884 3567 962 3625; x_wconf 86' lang='lat' dir='ltr'><strong>Item</strong></span> <span class='ocrx_word' id='word_1_294' title='bbox 971 3565 1064 3625; x_wconf 81' lang='lat' dir='ltr'><strong>Rhet.</strong></span> <span class='ocrx_word' id='word_1_295' title='bbox 1078 3565 1267 3641; x_wconf 73' lang='lat' dir='ltr'><strong>explicatam</strong></span> <span class='ocrx_word' id='word_1_296' title='bbox 1284 3570 1314 3624; x_wconf 87' lang='lat' dir='ltr'><strong>et</strong></span> 
     </span>
     <span class='ocr_line' id='line_1_34' title="bbox 83 3661 1314 3740; baseline 0 -19"><span class='ocrx_word' id='word_1_297' title='bbox 83 3663 276 3736; x_wconf 84' lang='lat' dir='ltr'><strong>applicatam</strong></span> <span class='ocrx_word' id='word_1_298' title='bbox 298 3663 341 3722; x_wconf 89' lang='lat' dir='ltr'><strong>od</strong></span> <span class='ocrx_word' id='word_1_299' title='bbox 362 3665 568 3740; x_wconf 81' lang='lat' dir='ltr'><strong>eloquentiam</strong></span> <span class='ocrx_word' id='word_1_300' title='bbox 589 3664 707 3722; x_wconf 85' lang='lat' dir='ltr'><strong>civilem</strong></span> <span class='ocrx_word' id='word_1_301' title='bbox 726 3669 756 3722; x_wconf 90' lang='lat' dir='ltr'><strong>et</strong></span> <span class='ocrx_word' id='word_1_302' title='bbox 776 3663 964 3723; x_wconf 84' lang='lat' dir='ltr'><strong>ecclesiastic.</strong></span> <span class='ocrx_word' id='word_1_303' title='bbox 983 3693 1000 3706; x_wconf 91' lang='lat'>-</span> <span class='ocrx_word' id='word_1_304' title='bbox 1015 3662 1179 3722; x_wconf 90' lang='lat' dir='ltr'><strong>Meletema</strong></span> <span class='ocrx_word' id='word_1_305' title='bbox 1193 3661 1314 3721; x_wconf 85' lang='lat' dir='ltr'><strong>biblico·</strong></span> 
     </span>
     <span class='ocr_line' id='line_1_35' title="bbox 81 3757 1313 3838; baseline 0.006 -24"><span class='ocrx_word' id='word_1_306' title='bbox 81 3757 190 3830; x_wconf 87' lang='lat' dir='ltr'><strong>philol.</strong></span> <span class='ocrx_word' id='word_1_307' title='bbox 214 3761 251 3822; x_wconf 88' lang='lat' dir='ltr'><strong>de</strong></span> <span class='ocrx_word' id='word_1_308' title='bbox 273 3763 425 3838; x_wconf 79' lang='lat' dir='ltr'><strong>relipione</strong></span> <span class='ocrx_word' id='word_1_309' title='bbox 444 3763 612 3823; x_wconf 80' lang='lat' dir='ltr'><strong>Hebraeor.</strong></span> <span class='ocrx_word' id='word_1_310' title='bbox 635 3762 689 3818; x_wconf 85' lang='lat' dir='ltr'><strong>sub</strong></span> <span class='ocrx_word' id='word_1_311' title='bbox 723 3761 788 3835; x_wconf 78' lang='lat' dir='ltr'><strong>lepe</strong></span> <span class='ocrx_word' id='word_1_312' title='bbox 818 3760 962 3819; x_wconf 90' lang='lat' dir='ltr'><strong>naturali</strong></span> <span class='ocrx_word' id='word_1_313' title='bbox 981 3789 1002 3804; x_wconf 93' lang='lat'>-</span> <span class='ocrx_word' id='word_1_314' title='bbox 1021 3759 1158 3818; x_wconf 82' lang='lat' dir='ltr'><strong>Lenieon</strong></span> <span class='ocrx_word' id='word_1_315' title='bbox 1179 3777 1313 3836; x_wconf 78' lang='lat' dir='ltr'><strong>praeco·</strong></span> 
     </span>
     <span class='ocr_line' id='line_1_36' title="bbox 85 3853 771 3946; baseline 0.004 -32"><span class='ocrx_word' id='word_1_316' title='bbox 85 3853 220 3920; x_wconf 90' lang='lat' dir='ltr'><strong>latinum</strong></span> <span class='ocrx_word' id='word_1_317' title='bbox 239 3879 398 3922; x_wconf 90' lang='lat' dir='ltr'><strong>recensens</strong></span> <span class='ocrx_word' id='word_1_318' title='bbox 416 3877 533 3936; x_wconf 79' lang='lat' dir='ltr'><strong>praeca</strong></span> <span class='ocrx_word' id='word_1_319' title='bbox 553 3859 702 3918; x_wconf 88' lang='lat' dir='ltr'><strong>themata.</strong></span> <span class='ocrx_word' id='word_1_320' title='bbox 766 3935 771 3946; x_wconf 32' lang='lat'>¹</span> 
     </span>
    </p>

    <p class='ocr_par' dir='ltr' id='par_1_5' title="bbox 83 3953 1367 4528">
     <span class='ocr_line' id='line_1_37' title="bbox 143 3953 1313 4037; baseline -0.002 -17"><span class='ocrx_word' id='word_1_321' title='bbox 143 3959 333 4022; x_wconf 77' lang='lat' dir='ltr'><strong>Bsauaaous</strong></span> <span class='ocrx_word' id='word_1_322' title='bbox 354 3960 401 4021; x_wconf 77' lang='lat' dir='ltr'><strong>De</strong></span> <span class='ocrx_word' id='word_1_323' title='bbox 421 3959 517 4020; x_wconf 86' lang='lat' dir='ltr'><strong>Ross1</strong></span> <span class='ocrx_word' id='word_1_324' title='bbox 538 3955 575 4037; x_wconf 64' lang='lat' dir='ltr'><strong>(i</strong></span> <span class='ocrx_word' id='word_1_325' title='bbox 591 3953 693 4034; x_wconf 88' lang='lat'><strong>1831).</strong></span> <span class='ocrx_word' id='word_1_326' title='bbox 710 3956 845 4015; x_wconf 80' lang='lat' dir='ltr'><strong>Textum</strong></span> <span class='ocrx_word' id='word_1_327' title='bbox 859 3953 1043 4015; x_wconf 87' lang='lat' dir='ltr'><strong>hebraicum</strong></span> <span class='ocrx_word' id='word_1_328' title='bbox 1057 3955 1090 4014; x_wconf 91' lang='lat' dir='ltr'><strong>in</strong></span> <span class='ocrx_word' id='word_1_329' title='bbox 1110 3956 1211 4018; x_wconf 88' lang='lat' dir='ltr'><strong>lucem</strong></span> <span class='ocrx_word' id='word_1_330' title='bbox 1228 3958 1313 4022; x_wconf 84' lang='lat' dir='ltr'><strong>dedit</strong></span> 
     </span>
     <span class='ocr_line' id='line_1_38' title="bbox 83 4050 1313 4150; baseline 0.004 -41"><span class='ocrx_word' id='word_1_331' title='bbox 83 4050 139 4114; x_wconf 91' lang='lat' dir='ltr'><strong>hoc</strong></span> <span class='ocrx_word' id='word_1_332' title='bbox 163 4057 278 4118; x_wconf 85' lang='lat' dir='ltr'><strong>titulo:</strong></span> <span class='ocrx_word' id='word_1_333' title='bbox 307 4058 420 4117; x_wconf 88' lang='lat' dir='ltr'><strong>Variae</strong></span> <span class='ocrx_word' id='word_1_334' title='bbox 447 4057 587 4116; x_wconf 83' lang='lat' dir='ltr'><strong>lectiones</strong></span> <span class='ocrx_word' id='word_1_335' title='bbox 614 4054 729 4114; x_wconf 88' lang='lat' dir='ltr'><strong>Veteris</strong></span> <span class='ocrx_word' id='word_1_336' title='bbox 759 4053 946 4115; x_wconf 86' lang='lat' dir='ltr'><strong>Testamenti</strong></span> <span class='ocrx_word' id='word_1_337' title='bbox 967 4072 1007 4114; x_wconf 81' lang='lat' dir='ltr'><strong>eu</strong></span> <span class='ocrx_word' id='word_1_338' title='bbox 1027 4055 1178 4116; x_wconf 85' lang='lat' dir='ltr'><strong>immensa</strong></span> <span class='ocrx_word' id='word_1_339' title='bbox 1200 4074 1313 4150; x_wconf 73' lang='lat' dir='ltr'><strong>manu-</strong></span> 
     </span>
     <span class='ocr_line' id='line_1_39' title="bbox 84 4152 1311 4232; baseline 0.001 -23"><span class='ocrx_word' id='word_1_340' title='bbox 84 4153 268 4232; x_wconf 85' lang='lat' dir='ltr'><strong>scriptorum</strong></span> <span class='ocrx_word' id='word_1_341' title='bbox 283 4154 499 4230; x_wconf 81' lang='lat' dir='ltr'><strong>editorumque</strong></span> <span class='ocrx_word' id='word_1_342' title='bbox 514 4152 653 4213; x_wconf 85' lang='lat' dir='ltr'><strong>codicum</strong></span> <span class='ocrx_word' id='word_1_343' title='bbox 668 4153 811 4228; x_wconf 79' lang='lat' dir='ltr'><strong>conperie</strong></span> <span class='ocrx_word' id='word_1_344' title='bbox 824 4153 953 4212; x_wconf 90' lang='lat' dir='ltr'><strong>haustae</strong></span> <span class='ocrx_word' id='word_1_345' title='bbox 967 4159 997 4211; x_wconf 92' lang='lat' dir='ltr'><strong>et</strong></span> <span class='ocrx_word' id='word_1_346' title='bbox 1016 4153 1059 4212; x_wconf 88' lang='lat' dir='ltr'><strong>ad</strong></span> <span class='ocrx_word' id='word_1_347' title='bbox 1069 4154 1311 4214; x_wconf 74' lang='lat' dir='ltr'><strong>samaritanum</strong></span> 
     </span>
     <span class='ocr_line' id='line_1_40' title="bbox 85 4249 1311 4323; baseline 0.006 -18"><span class='ocrx_word' id='word_1_348' title='bbox 85 4255 217 4323; x_wconf 82' lang='lat' dir='ltr'><strong>temtum,</strong></span> <span class='ocrx_word' id='word_1_349' title='bbox 250 4252 293 4312; x_wconf 88' lang='lat' dir='ltr'><strong>ad</strong></span> <span class='ocrx_word' id='word_1_350' title='bbox 313 4253 532 4314; x_wconf 84' lang='lat' dir='ltr'><strong>vetustissimos</strong></span> <span class='ocrx_word' id='word_1_351' title='bbox 560 4251 721 4322; x_wconf 83' lang='lat' dir='ltr'><strong>versiones,</strong></span> <span class='ocrx_word' id='word_1_352' title='bbox 753 4249 797 4310; x_wconf 90' lang='lat' dir='ltr'><strong>aol</strong></span> <span class='ocrx_word' id='word_1_353' title='bbox 816 4251 1026 4312; x_wconf 88' lang='lat' dir='ltr'><strong>accuratiores</strong></span> <span class='ocrx_word' id='word_1_354' title='bbox 1048 4269 1155 4312; x_wconf 86' lang='lat' dir='ltr'><strong>sacrae</strong></span> <span class='ocrx_word' id='word_1_355' title='bbox 1185 4251 1311 4312; x_wconf 87' lang='lat' dir='ltr'><strong>criticae</strong></span> 
     </span>
     <span class='ocr_line' id='line_1_41' title="bbox 83 4348 1367 4427; baseline 0.003 -21"><span class='ocrx_word' id='word_1_356' title='bbox 83 4349 184 4420; x_wconf 78' lang='lat' dir='ltr'><strong>sontes</strong></span> <span class='ocrx_word' id='word_1_357' title='bbox 204 4357 235 4411; x_wconf 89' lang='lat' dir='ltr'><strong>et</strong></span> <span class='ocrx_word' id='word_1_358' title='bbox 255 4351 335 4426; x_wconf 75' lang='lat' dir='ltr'><strong>lepos</strong></span> <span class='ocrx_word' id='word_1_359' title='bbox 354 4351 564 4411; x_wconf 76' lang='lat' dir='ltr'><strong>acuminatas.</strong></span> <span class='ocrx_word' id='word_1_360' title='bbox 589 4349 726 4427; x_wconf 85' lang='lat' dir='ltr'><strong>Scripsit</strong></span> <span class='ocrx_word' id='word_1_361' title='bbox 756 4350 832 4410; x_wconf 88' lang='lat' dir='ltr'><strong>item</strong></span> <span class='ocrx_word' id='word_1_362' title='bbox 861 4352 951 4412; x_wconf 89' lang='lat' dir='ltr'><strong>Della</strong></span> <span class='ocrx_word' id='word_1_363' title='bbox 983 4351 1095 4426; x_wconf 77' lang='lat' dir='ltr'><strong>linpua</strong></span> <span class='ocrx_word' id='word_1_364' title='bbox 1115 4350 1250 4427; x_wconf 88' lang='lat' dir='ltr'><strong>propria</strong></span> <span class='ocrx_word' id='word_1_365' title='bbox 1279 4348 1313 4410; x_wconf 83' lang='lat' dir='ltr'><strong>di</strong></span> <span class='ocrx_word' id='word_1_366' title='bbox 1364 4405 1367 4411; x_wconf 87' lang='lat'><strong>.</strong></span> 
     </span>
     <span class='ocr_line' id='line_1_42' title="bbox 86 4445 1312 4528; baseline 0.003 -24"><span class='ocrx_word' id='word_1_367' title='bbox 86 4445 206 4510; x_wconf 82' lang='lat' dir='ltr'><strong>Criorte</strong></span> <span class='ocrx_word' id='word_1_368' title='bbox 220 4449 298 4510; x_wconf 89' lang='lat' dir='ltr'><strong>-De</strong></span> <span class='ocrx_word' id='word_1_369' title='bbox 318 4449 468 4509; x_wconf 79' lang='lat' dir='ltr'><strong>librorum</strong></span> <span class='ocrx_word' id='word_1_370' title='bbox 489 4450 703 4528; x_wconf 75' lang='lat' dir='ltr'><strong>typoprophia</strong></span> <span class='ocrx_word' id='word_1_371' title='bbox 726 4481 735 4493; x_wconf 95' lang='lat'>-</span> <span class='ocrx_word' id='word_1_372' title='bbox 753 4449 797 4509; x_wconf 88' lang='lat' dir='ltr'><strong>De</strong></span> <span class='ocrx_word' id='word_1_373' title='bbox 811 4450 1024 4528; x_wconf 77' lang='lat' dir='ltr'><strong>tppopraphia</strong></span> <span class='ocrx_word' id='word_1_374' title='bbox 1038 4448 1188 4508; x_wconf 80' lang='lat' dir='ltr'><strong>librorum</strong></span> <span class='ocrx_word' id='word_1_375' title='bbox 1200 4447 1312 4509; x_wconf 83' lang='lat' dir='ltr'><strong>Fiora-</strong></span> 
     </span>
    </p>
   </div>
   <div class='ocr_carea' id='block_1_2' title="bbox 0 0 1710 5360">
    <p class='ocr_par' dir='ltr' id='par_1_6' title="bbox 0 0 1710 5360">
     <span class='ocr_line' id='line_1_43' title="bbox 0 0 1710 5360; baseline 0 0"><span class='ocrx_word' id='word_1_376' title='bbox 0 0 1710 5360; x_wconf 95' lang='lat' dir='ltr'><strong> </strong></span> 
     </span>
    </p>
   </div>
  </div>
 </body>
</html>
