3444 5358
434 405 524 466 XIX.
552 401 658 462 Aliam
688 404 810 479 partem
837 402 980 480 corporis
1009 402 1093 462 Iuris
1122 399 1274 462 Canonici
1302 403 1506 464 constituunt
1540 402 1607 462 cle-

376 503 534 563 mentinae
555 500 602 561 ita
622 500 798 578 appellatae
819 519 839 561 a
858 518 915 561 suo
936 503 1067 562 auctore
1089 499 1245 562 clemente
1270 501 1307 562 V.
1328 502 1377 561 Ad
1397 500 1608 562 differentiam

375 599 519 678 priorum
550 598 677 660 additur
699 598 848 660 citationi
868 600 903 658 in
928 598 1141 673 clementinis,
1165 599 1216 658 vel
1236 599 1306 659 loeo
1326 598 1466 677 Capituli
1480 598 1608 678 ponitur

379 696 584 758 clementina.

435 796 508 856 XX.
531 795 791 870 Eerravopomee
814 795 941 856 Ioannis
965 793 1063 854 XXII
1086 795 1119 854 in
1145 794 1258 871 quinta
1285 796 1376 872 parte
1403 793 1609 854 continentur

376 891 519 970 corporis
539 892 624 952 Iuris
645 892 809 966 canonici,
824 897 857 954 ct
878 895 953 952 sunt
972 892 1024 952 20.
1041 893 1293 955 constitutiones
1308 891 1405 952 huius
1428 891 1607 964 Pontificis,

378 989 569 1051 distributae
584 989 617 1048 in
640 989 676 1050 14
698 989 824 1064 titulos,
839 991 929 1051 nulla
950 989 1038 1051 iacta
1051 991 1207 1051 divisione
1231 991 1397 1063 librorum3
1414 991 1518 1050 dictae
1533 993 1609 1050 sunt

378 1089 652 1162 Eutravapantes,
677 1089 752 1164 quia
780 1088 980 1167 vagabantur
1008 1093 1102 1149 extra
1129 1105 1243 1166 corpus
1272 1088 1356 1149 Iuris
1385 1088 1549 1162 canonici,
1577 1092 1610 1148 et

378 1188 472 1246 extra
484 1185 705 1260 collectiones,
720 1187 835 1262 quibus
846 1191 922 1248 tunc
937 1187 990 1247 Ius
1002 1187 1105 1264 ipsum
1119 1186 1298 1247 constabat.
1312 1186 1379 1247 Hac
1394 1193 1610 1262 ectrcoognn·

379 1290 423 1345 tes
449 1299 556 1342 omnes
584 1302 646 1343 uno
667 1285 908 1361 comprehensae
938 1285 1032 1358 libro,
1049 1283 1232 1345 indicantur
1258 1283 1364 1344 eodem
1385 1285 1474 1344 modo
1501 1283 1609 1344 addito

378 1381 480 1442 solum
506 1382 540 1439 in
568 1382 849 1458 extravagantibus
874 1381 1001 1442 Ioannis
1028 1381 1133 1454 XXII;
1156 1382 1207 1441 vel
1227 1382 1297 1441 loco
1317 1381 1456 1459 capituli
1478 1380 1609 1458 ponitur
1705 1399 1706 1476 p

379 1479 560 1554 Ecetraoap.

437 1577 528 1637 XXI.
550 1577 679 1638 Sextum
699 1581 821 1656 partem
835 1577 1014 1639 constituut
1034 1577 1294 1653 Emtrnonqcntes
1316 1576 1511 1650 Communes,
1526 1595 1607 1653 quae

380 1675 568 1736 dividuntur
589 1676 622 1735 in
643 1676 741 1737 libros
763 1677 900 1753 quinque
922 1676 1007 1737 sicut
1027 1675 1223 1754 Gregoriana
1242 1675 1405 1736 Collectio.

439 1775 544 1836 XXII.
566 1777 613 1836 En
635 1775 710 1835 libri
731 1775 845 1851 quibus
867 1778 992 1836 constat
1013 1791 1126 1850 corpus
1146 1773 1231 1834 Iuris
1254 1773 1418 1846 canonici,
1439 1772 1607 1849 atquibus

379 1873 414 1933 iu
434 1873 558 1933 Scholis
585 1877 618 1934 et
644 1875 677 1934 in
699 1875 782 1935 Foro
803 1873 938 1947 utimur,
961 1875 1138 1945 Decretum,
1159 1872 1345 1945 Decretutes,
1367 1871 1482 1932 Sontes
1499 1872 1608 1932 Decre-

378 1972 502 2044 toltum,
527 1971 751 2045 clementinae,
774 1973 1044 2047 corroborantes.
1706 2033 1707 2040 ,

439 2071 621 2130 xxiiim
652 2070 788 2149 singulis
821 2070 915 2130 lieris
948 2067 1108 2129 natentur
1137 2068 1279 2140 cloacae,
1302 2085 1357 2128 seu
1388 2067 1604 2128 adnotationes
1706 2053 1707 2078 ¹

380 2167 502 2245 aliquot
522 2170 705 2230 Doctorum.
728 2169 794 2228 Hac
815 2161 952 2227 eamdem
973 2167 1091 2227 habent
1112 2165 1350 2239 auctoritatem,
1371 2183 1465 2242 quam
1486 2165 1606 2242 privati

380 2266 528 2328 Doctoris
548 2266 654 2344 opinio
674 2265 789 2327 habcrc
809 2268 915 2342 potest
935 2265 968 2323 in
988 2264 1112 2342 legibus
1133 2263 1351 2341 explanandis.

826 2461 870 2522 De
889 2459 961 2521 Iure
980 2458 1160 2522 Ncobsimc.

441 2657 559 2719 XXIV.
582 2658 635 2716 Ius
656 2655 878 2729 novissimum,
900 2657 951 2716 ius
978 2675 1087 2735 nempe
1115 2658 1327 2718 constitutum
1347 2658 1421 2734 post
1440 2655 1607 2734 evulgatos

381 2755 494 2826 libros,
517 2754 687 2831 dequibus
710 2754 772 2814 iam
786 2755 925 2816 diximus
946 2759 1092 2816 constare
1114 2773 1229 2832 corpus
1250 2754 1335 2814 Iuris
1356 2753 1520 2827 canonici,
1536 2773 1609 2814 con·
1707 2759 1708 2810 J

382 2853 491 2913 ficitur
511 2869 551 2912 ex
572 2851 712 2913 concilio
733 2853 932 2926 Tridentino,
948 2872 985 2913 en
1008 2853 1298 2915 constitutionibus
1315 2853 1513 2913 Summorum
1528 2855 1609 2914 Pon-

380 2951 516 3026 tificum,
539 2970 617 3028 quac
639 2951 710 3011 inde
741 2951 937 3029 prodierunt,
959 2955 992 3013 et
1013 2952 1154 3029 quotidie
1185 2952 1218 3010 in
1248 2941 1351 3010 lucem
1379 2952 1608 3027 prodeuntes

380 3049 514 3127 Regulis
549 3049 763 3110 cancellariae
793 3050 963 3124 absolutis,
993 3054 1026 3110 et
1056 3052 1095 3110 ad
1124 3068 1196 3111 cum
1225 3047 1386 3126 perductis
1418 3051 1551 3122 statum,
1575 3049 1608 3108 in

382 3163 443 3222 quo
464 3165 547 3206 nunc
570 3151 655 3222 suut;
679 3148 810 3224 denique
831 3165 870 3206 ex
895 3148 1041 3225 pluribus
1064 3148 1159 3209 etiam
1188 3146 1455 3208 declarationibus
1483 3146 1608 3206 emissis

279 3319 288 3330 ,
382 3245 524 3306 asacris
546 3245 850 3324 congregationibus
874 3243 1101 3320 Cardinalium,
1130 3244 1318 3323 praesertim
1347 3245 1525 3306 Tridentini
1559 3245 1609 3304 In·

382 3344 571 3418 terprctum.

440 3439 544 3500 XXV.
567 3436 742 3516 Gregorius
756 3439 834 3500 XIII
848 3439 969 3516 primus
984 3441 1122 3500 animum
1136 3441 1253 3503 adiecit
1266 3442 1304 3502 ad
1325 3440 1518 3518 colligendas
1535 3458 1608 3499 con-

382 3536 565 3598 stitutiones
588 3535 786 3602 Summcrum
808 3536 1014 3609 Pontificum,
1036 3555 1115 3614 quac
1135 3543 1207 3616 post
1228 3539 1354 3599 Sixtum
1376 3540 1420 3600 IV
1440 3538 1608 3616 evulgatae

382 3633 522 3706 fuerant,
545 3637 577 3694 ct
598 3634 657 3693 hoc
689 3651 766 3711 opus
796 3635 960 3695 mandavit
981 3635 1061 3696 viris
1086 3636 1200 3710 doctis,
1234 3636 1288 3712 qui
1317 3637 1482 3714 septimum
1501 3637 1609 3697 Decre-

382 3733 495 3792 tnlinm
525 3731 707 3810 vulgarent.
739 3735 858 3795 Verum
889 3751 981 3810 opere
1014 3736 1150 3794 nondum
1181 3733 1327 3794 absoluto
1347 3753 1364 3793 e
1388 3733 1473 3794 vivis
1501 3737 1608 3810 erepto

382 3829 550 3902 Pontifice,
573 3829 796 3906 perficiendum
817 3831 946 3891 curavit
967 3831 1078 3892 Sixtus
1098 3833 1140 3906 V,
1162 3849 1223 3907 quo
1244 3829 1339 3889 etiam
1371 3834 1509 3902 mortuo,
1530 3846 1607 3907 opus

382 3924 559 4004 perfectum
579 3925 656 3999 iuit,
677 3931 710 3987 et
730 3927 817 4005 typis
839 3947 1021 4002 excussum,
1044 3931 1201 3992 Clemente
1231 3928 1308 3990 VIII
1335 3929 1460 3988 sedente
1490 3928 1524 3986 in
1552 3928 1610 3988 (la-

383 4024 496 4084 thedra
509 4024 609 4084 Petri.
629 4025 688 4089 Sed
702 4027 824 4086 exortis
840 4027 1094 4102 difficultatibus,
1111 4026 1217 4086 visum
1229 4024 1294 4085 fuit
1308 4025 1502 4103 supprimere
1513 4026 1607 4086 huius

384 4122 488 4200 operis
509 4122 715 4198 exemplaria,
739 4142 818 4199 quac
840 4125 895 4184 vix
918 4126 1133 4203 reperiuntur.

413 4261 416 4266 -
444 4220 562 4283 XXVI.
585 4221 700 4280 Petrus
722 4221 904 4282 Matthaeus
926 4225 952 4283 Ι.
975 4224 1009 4284 c.
1033 4223 1253 4302 Lugdunensis
1269 4223 1380 4282 iisdem
1394 4221 1461 4282 iere
1493 4225 1610 4300 tempo·

386 4317 475 4377 ribus
490 4317 589 4377 edidit
600 4319 765 4395 septimum
779 4321 988 4381 Decretalinm
1004 4322 1042 4382 ab
1059 4339 1091 4382 sc
1106 4321 1233 4398 privato
1247 4321 1353 4380 studio
1372 4321 1608 4392 concinnatum,

385 4417 468 4490 quod
488 4415 616 4492 publica
635 4416 828 4478 auctoritate
849 4422 956 4492 caret,
979 4420 1080 4480 multa
1100 4419 1133 4479 in
1153 4438 1190 4480 eo
1210 4423 1286 4480 sunt
1298 4419 1391 4492 vitia,
1408 4419 1499 4495 plura
1514 4419 1608 4480 etiam

385 4513 616 4574 desiderantur.
