3444 5358
210 407 475 472 000000010οω
504 411 538 470 et
557 409 817 470 Panurssrnsrnn
836 423 891 466 seu
912 405 1202 468 inconnurrrcomur
1222 403 1267 484 (a.
1290 403 1373 484 520).

143 500 240 562 Primi
273 507 399 568 Christi
430 525 544 584 corpus
575 504 774 582 corruptioni
806 521 861 564 seu
892 501 1134 564 infirmitatibus
1166 502 1312 564 humanis
1335 522 1374 564 ex

138 603 337 664 necessitate
361 605 536 666 subiectum
557 603 718 664 dixerunt.
738 602 805 664 Alii
826 619 901 662 vero
921 600 1044 662 Christi
1073 617 1187 677 corpus
1209 600 1376 678 incorrup·
1403 591 1405 598 ’

136 698 227 758 tibile
249 707 286 762 et
310 702 491 762 affectiones
513 702 664 762 humanas
688 699 791 778 specie
814 703 906 759 tenus
921 697 1105 758 exhibuisse
1118 697 1305 759 docuerunt.

193 797 355 862 Iunrsnos
374 801 585 860 Hnmcnauss.
607 797 650 878 (a.
673 795 759 876 520).
782 796 911 869 Docuit,
933 795 1055 858 Christi
1077 813 1193 873 corpus
1210 796 1376 872 incorrup-

134 894 227 954 tibile
250 895 370 970 fuisse,
392 902 486 974 atque
507 897 584 956 adeo
604 895 926 971 incorrupticolarum
948 899 1061 954 auctor
1083 893 1156 954 fuit.

191 994 375 1056 Aouonras
394 995 437 1075 (a.
459 993 542 1072 521).
563 995 702 1053 Auctore
723 992 900 1052 Themistio
922 993 1010 1054 Diae.
1034 991 1127 1050 Alex.
1144 1009 1183 1050 ex
1199 989 1377 1068 Eutychia-

131 1107 249 1150 norum
273 1098 375 1165 secta,
392 1097 518 1169 praeter
532 1091 612 1152 alias
627 1089 845 1162 infirmitates,
861 1089 992 1150 Christo
1007 1089 1221 1167 ignorantiam
1237 1088 1374 1148 extremi

131 1185 250 1248 iudicii
275 1191 472 1266 aliorumque
493 1189 688 1250 tribuerunt.

191 1288 344 1350 (iambus
363 1287 405 1368 (a.
430 1286 513 1365 537).
537 1286 771 1364 Eutychianam
792 1284 948 1346 haeresim
979 1283 1142 1362 professus
1163 1289 1271 1346 eatae
1300 1287 1373 1362 post

130 1383 289 1446 unionem
318 1385 565 1464 hypostaticam,
588 1384 752 1446 christum
781 1387 914 1444 naturae
945 1382 1098 1444 humanae
1128 1381 1374 1444 infirmitatibus

131 1481 316 1544 obnoxium
335 1501 405 1544 esse
432 1483 572 1561 negavit.
1006 1553 1009 1560 ¹

192 1582 403 1644 Turraniana
424 1581 467 1664 (a.
489 1579 574 1660 538).
606 1581 775 1658 Negarunt
805 1579 962 1640 unitatem
991 1583 1123 1640 naturae
1146 1578 1178 1637 in
1200 1578 1373 1650 Trinitate,

130 1679 202 1736 tres
228 1680 431 1740 substantias
453 1679 640 1757 prolitentes
662 1679 694 1737 in
716 1677 836 1738 divinis
858 1677 1014 1754 personis.

192 1777 338 1838 Ionuuas
353 1780 555 1840 Pnrnorouus
568 1776 611 1858 (a.
627 1774 710 1856 538).
725 1777 803 1836 Tres
818 1775 940 1852 pariter
951 1773 1149 1834 substantias
1164 1774 1197 1832 in
1213 1773 1374 1834 Trinitate

131 1873 285 1934 admisit.

193 1955 340 2033 Sonista
371 1973 445 2034 Ean.
478 1973 606 2034 Isrnmn
634 1971 677 2053 (a.
709 1969 792 2051 557).
825 1971 956 2032 Reiecto
990 1970 1133 2031 Concilio
1166 1970 1374 2030 Oecumenico

131 2067 173 2138 V,
198 2069 237 2128 in
260 2088 323 2145 quo
350 2070 414 2130 tria
443 2071 589 2147 capitula
619 2071 765 2132 damnata
786 2075 873 2142 sunt,
897 2069 936 2130 ab
967 2069 1128 2132 Ecclesiae
1157 2069 1373 2131 commuuione

138 2166 355 2228 venetiarum
375 2173 408 2228 et
428 2168 544 2230 istriae
564 2168 705 2245 episcopi
727 2167 866 2244 separati
887 2167 1069 2243 aliquandiu
1091 2167 1312 2243 perstiterunt.

198 2267 374 2326 Iacoamnn
394 2264 436 2346 (a.
459 2265 543 2344 600).
565 2267 591 2326 Α
614 2266 727 2326 Iacobo
748 2267 920 2337 Baradaoo‚
943 2283 1031 2342 syro,
1053 2263 1216 2342 appellati,
1239 2265 1293 2341 qui
1323 2266 1369 2327 de·

133 2361 286 2424 ficientes
302 2364 515 2440 eutychianos
536 2364 680 2442 collegit,
703 2382 877 2440 novamque
903 2362 1114 2424 hierarchiam
1137 2380 1244 2422 eorum
1267 2365 1373 2424 sectae

134 2460 240 2521 dedit.

746 2651 828 2670 ἡ

623 2781 807 2844 SAECULO
826 2782 897 2843 VII.
923 2731 926 2736 Ι

202 3048 305 3110 Cunus
325 3050 423 3126 Apus.
445 3049 500 3110 Er·
524 3048 566 3130 (a.
591 3047 674 3127 622).
697 3047 934 3108 Monothelismi
963 3050 1083 3122 auctor,
1109 3046 1217 3124 plures
1239 3049 1376 3108 sectato·

136 3161 189 3204 res
217 3145 351 3207 invenit.

201 3245 454 3307 Mouorunnrrnu
475 3244 518 3326 (a.
533 3243 607 3324 622)
622 3244 770 3312 Quamvis
785 3244 824 3304 ab
839 3241 1050 3320 Eutychianis
1081 3260 1114 3302 se
1138 3242 1372 3320 disiungerent,

136 3341 217 3401 duas
239 3343 271 3400 in
293 3344 421 3404 christo
441 3348 573 3406 naturas
594 3344 814 3420 praedicando,
836 3342 874 3402 ab
895 3359 1003 3402 eorum
1024 3345 1129 3402 tamen
1164 3343 1373 3404 consectariis

137 3457 200 3500 non
222 3443 420 3515 recedebant,
442 3461 535 3503 unam
557 3447 680 3502 tantum
702 3442 829 3502 Christo
851 3441 1058 3513 voluntatem,
1080 3459 1235 3518 unamque
1263 3442 1372 3502 itidem

137 3539 299 3616 energiam
322 3541 549 3613 theandricam,
572 3559 626 3600 seu
648 3541 862 3617 operationem
883 3541 941 3600 Dei
964 3540 1090 3600 virilem
1112 3544 1302 3600 asserentes.

202 3638 336 3700 Senarus
356 3640 649 3702 Gousrsurruoron.
672 3639 730 3698 Er.
746 3637 788 3718 (a.
807 3636 890 3716 632).
907 3640 1025 3715 cyrum
1040 3642 1192 3712 sequutus
1207 3637 1375 3698 Menotha-

138 3735 273 3796 litarum
295 3754 419 3798 errores
441 3735 603 3814 professus
625 3741 674 3796 est
695 3755 731 3796 ac
754 3737 979 3812 propugnavit.

205 3837 654 3898 Pvnmnscossrnsrruoron.
666 3837 721 3896 Er.
738 3834 780 3914 (a.
808 3832 894 3913 630).
907 3835 1018 3910 Sergio
1033 3833 1188 3896 successit
1209 3833 1242 3898 in
1261 3835 1376 3898 Gathe-

141 3933 201 3992 dra
219 3935 572 4013 constantinopolitana
592 3937 686 4008 atque
707 3932 740 3990 in
765 3933 906 3992 haeresis
928 3933 1188 4010 propugnatione.

204 4035 390 4094 Pnuumrnru
412 4035 594 4096 Mamurram
616 4030 659 4111 (a.
682 4028 766 4109 653).
789 4031 818 4089 A
840 4031 938 4091 Paulo
958 4031 1108 4104 Armeno,
1131 4035 1258 4108 praeter
1272 4029 1375 4092 Mani·

140 4131 336 4190 chaeismum
364 4150 455 4207 quem
486 4131 733 4208 profitebantur,
755 4129 908 4206 Deiparae
937 4131 1171 4190 maternitatem
1192 4131 1370 4208 negabant:

141 4229 374 4288 contendebant
395 4228 528 4288 formam
551 4228 708 4305 Baptismi
730 4227 844 4286 inillis
861 4228 967 4287 verbis
985 4228 1161 4288 consistere
1183 4249 1200 4284 e<
1223 4229 1290 4306 Ego
1304 4245 1373 4288 sum

141 4327 370 4402 aquaviva».
395 4327 615 4388 Eucharistiae
650 4343 725 4385 vero
756 4326 789 4386 in
820 4325 887 4386 illis
910 4347 927 4382 e
949 4326 1104 4402 Accipite,
1125 4327 1311 4397 manducate
1341 4331 1374 4389 et

141 4426 291 4486 bibite».
314 4429 393 4487 Item
415 4426 604 4502 Prophetas,
628 4425 761 4486 Sanctos
787 4428 820 4484 et
841 4423 952 4484 Crucis
982 4425 1103 4500 lignum
1126 4425 1315 4500 spernebant
1336 4443 1373 4484 ac

140 4525 337 4585 mendacium
358 4530 391 4586 et
413 4523 577 4601 religionis
599 4523 833 4583 simulationem
855 4521 1092 4600 permittebant.
