3444 5358
177 409 278 470 Dlvro
298 409 457 471 Gnoaoms
476 407 520 490 (a.
545 408 703 489 1515).111
736 411 844 472 Frisia
874 414 967 472 natus
990 429 1023 472 se
1055 413 1112 473 Dei
1141 417 1283 492 nepotem
1305 433 1344 476 ex

119 506 239 583 Spiritu
266 510 389 580 natum,
421 525 530 566 verum
561 509 722 583 Messium,
758 510 890 570 tertium
922 510 1073 571 Davidem
1103 513 1222 573 atalia
1249 514 1343 590 plura

118 608 310 666 commentus
332 609 395 664 est.
1301 630 1302 638 ¹

174 703 362 764 Dasrnsnrus
383 701 529 765 11414444
544 702 586 784 (4.
605 702 705 784 1536).
718 706 937 766 Rotterodami
959 709 1049 766 ortus
1067 707 1233 768 turbarum
1250 708 1344 768 huius

119 801 249 873 saeculi,
274 819 307 860 se
329 802 397 878 ipso
419 802 535 874 iudice,
557 802 691 884 Auctor,
715 803 825 863 dubiae
847 803 918 862 fidei
941 804 1043 863 homo.

174 900 630 981 Snunsr1suus0nsrsnno(a.
655 899 757 980 1543).
780 901 1101 962 Indilierentistarum
1123 919 1249 979 parens,
1265 903 1343 963 Oan-

116 996 180 1056 tica
200 997 403 1057 (leuticorum
425 997 547 1056 reiecit.

173 1095 400 1156 Bnnnnsmnos
414 1095 607 1176 Ocnususm.
618 1093 718 1175 1546).
728 1096 867 1156 Arianos
883 1101 915 1156 41
929 1096 1132 1174 poligamiam
1143 1097 1343 1174 permittens.

172 1193 434 1253 Aomrnomsrnn
452 1193 502 1252 vel
524 1193 814 1274 Inrnn1u1srnn(a.
838 1192 939 1272 1548).
963 1194 1016 1254 Sic
1038 1194 1117 1254 dicti
1140 1195 1178 1254 ab
1194 1195 1344 1254 observa-

117 1288 201 1348 tione
222 1288 391 1363 formulae,
412 1307 505 1364 quam
521 1291 651 1350 Carolus
673 1294 701 1353 V
723 1292 885 1350 conscribi
899 1297 931 1352 et
950 1293 1076 1352 iuterim
1096 1292 1219 1352 servari
1235 1293 1344 1364 iussit,

117 1387 187 1446 dum
208 1387 430 1448 controversia
450 1405 469 1447 a
489 1387 630 1447 Concilio
651 1388 737 1448 Trid.
759 1389 955 1450 definiretur.

174 1487 358 1547 antimum
386 1487 567 1547 Posrnuuus
593 1484 636 1566 (a.
668 1484 767 1564 1560).
797 1488 903 1548 Multa
937 1489 974 1546 de
1003 1487 1174 1560 Trinitate,
1216 1487 1345 1548 Christo

117 1580 304 1654 intoxicato,
327 1583 536 1659 redemptione
566 1583 786 1658 foeminarum,
819 1585 954 1646 matrice
980 1585 1087 1644 mundi
1117 1586 1252 1661 aliisquo
1278 1605 1345 1664 my-

100 1679 224 1768 steriis
245 1681 307 1740 sibi
329 1699 385 1758 per
404 1682 558 1759 Angelum
580 1683 722 1759 Raphail
745 1685 886 1744 revelate
908 1684 1090 1744 somniavit.

175 1785 311 1846 Ioannes
333 1784 490 1844 Srunurns
509 1781 552 1862 (a.
578 1780 679 1861 1578).
708 1785 831 1844 Novam
854 1786 971 1842 sectam
998 1783 1082 1842 inter
1110 1782 1289 1845 catholicos
1312 1785 1345 1844 et
1458 1873 1459 1878 γ

116 1884 335 1942 Protestantes
357 1882 490 1942 mediam
511 1883 660 1942 inducere
681 1887 824 1942 conatus.

155 1983 359 2042 Pnsrmnnnn
379 1979 421 2060 (a.
447 1978 548 2060 1578).
573 1982 607 2039 ln
623 1981 740 2040 Svevia
753 1981 898 2041 Ministri
913 1982 983 2040 inde
999 1999 1109 2040 nomen
1126 1980 1248 2053 sortiti,
1263 1983 1345 2056 quod

117 2079 277 2139 Christum
300 2073 442 2138 dicerent
470 2079 503 2137 in
537 2079 742 2140 Eucharistiae
771 2099 807 2140 eo
835 2079 901 2140 iere
924 2081 1012 2139 modo
1038 2096 1108 2138 esse
1132 2084 1341 2157 praesentem,

116 2196 175 2253 quo
195 2177 303 2238 farina
322 2182 374 2237 441
395 2177 426 2236 14
451 2177 591 2256 pastillo.

574 2475 756 2536 SAldGULO
778 2477 881 2536 XVII.

173 2675 380 2734 Innsnrusrle
399 2671 442 2753 (a.
467 2669 568 2750 1641).
591 2673 619 2733 Α
640 2673 786 2732 Cornelio
816 2672 961 2733 lansenio
993 2671 1051 2749 Ep.
1074 2667 1226 2747 Yprensi‚
1251 2667 1341 2728 cuius

116 2769 195 2828 liber
215 2770 411 2845 Aupustiuus
431 2771 619 2847 inscriptus,
643 2774 869 2850 contentaeque
902 2771 935 2831 in
955 2789 991 2829 eo
1012 2769 1170 2846 Proponit.
1192 2767 1341 2844 quinque,

117 2867 297 2927 solemniori
318 2885 452 2927 censura
472 2887 544 2927 ann.
568 2870 644 2931 1653
666 2869 905 2928 damnabantur.
920 2867 972 2928 Sic
995 2871 1099 2927 autem
1115 2867 1188 2926 illae
1203 2865 1339 2925 habent:

118 2963 150 3043 1)
170 2965 291 3041 Aliqua
319 2967 374 3027 Dei
397 2973 569 3043 praecepta
600 2967 774 3025 bominibus
805 2967 893 3024 iustis
921 2965 1090 3024 4414411144
1110 2963 1342 3054 4144444ιὶ144

114 3063 284 3122 secuudum
289 3071 478 3140 praesentes,
494 3082 572 3140 quas
582 3065 697 3124 babent
707 3067 798 3135 m'res,
812 3071 886 3122 suut
898 3063 1108 3140 impossibilia,
1125 3061 1208 3122 deest
1222 3071 1342 3137 quoque

114 3161 172 3219 illis
190 3163 386 3237 pretioque
401 3163 561 3239 possibilia
580 3165 671 3241 fient.
691 3161 729 3240 2)
748 3163 896 3222 [nteriori
908 3163 1033 3238 protiee
1047 3161 1081 3219 iu
1099 3167 1184 3220 statu
1205 3165 1342 3220 4414444

115 3259 220 3336 lapsae
238 3277 413 3335 numquam
432 3261 596 3320 resistitur.
620 3258 656 3338 3)
671 3261 721 3320 Aet
735 3260 919 3321 merendum
933 3266 963 3319 et
975 3258 1196 3320 demerendum
1210 3258 1244 3316 14
1257 3263 1343 3316 statu
1444 3343 1447 3348 ,

115 3363 251 3417 naturae
272 3358 388 3434 lapsae,
412 3375 474 3415 444
493 3358 667 3434 requiritur
687 3359 719 3416 14
741 3360 864 3418 bomine
893 3359 1018 3418 tibertus
1038 3375 1058 3416 4
1079 3356 1267 3426 necessitate,
1289 3354 1342 3415 sed

114 3457 227 3533 sufficit
256 3455 380 3514 libertos
400 3473 421 3514 a
441 3457 607 3516 coactione.
636 3455 673 3534 4)
701 3457 948 3535 Semipelupiaui
980 3455 1188 3514 admittebant
1213 3469 1343 3530 praeue-

113 3553 226 3612 nieretis
245 3553 371 3628 proiice
391 3555 549 3612 interioris
568 3556 776 3614 necessitatem
797 3555 840 3615 ad
859 3556 996 3631 stropulos
1016 3551 1344 3613 4444411414αάίηὶ-

113 3651 190 3708 tium
212 3650 287 3729 fidei
315 3657 345 3710 et
363 3653 397 3709 14
417 3653 473 3712 boc
492 3659 585 3711 eruut
604 3653 763 3723 baeretici,
785 3653 867 3728 quod
887 3654 1001 3712 vellent
1020 3669 1089 3712 eom
1110 3650 1252 3725 pretium
1283 3665 1342 3715 esse

115 3749 220 3819 telem,
243 3751 294 3807 cui
309 3757 411 3825 posset
431 3751 571 3808 11144444
591 3750 734 3808 voluutas
754 3752 893 3810 resistere
912 3751 960 3810 vet
982 3751 1204 3826 obtemperare.
1229 3743 1266 3822 5)
1286 3745 1340 3804 Se-

114 3847 361 3922 mipelapiuuum
381 3854 425 3906 est
443 3847 554 3918 dicere,
579 3847 736 3906 Christum
752 3866 814 3926 pro
834 3837 974 3907 omuibus
1003 3851 1163 3906 mortuum
1190 3861 1261 3916 esse,
1286 3849 1344 3903 aut

114 3945 299 4017 4449414414
318 3944 445 4020 fudisse.
469 3945 641 4004 Occasione
663 3944 817 4005 formulae
837 3964 888 4004 an.
913 3945 989 4006 1664
1010 3945 1049 4002 ab
1070 3945 1161 4003 Alex.
1182 3944 1345 4018 Vll,'pro-

115 4041 248 4114 positae,
269 4042 467 4101 Jansenistae
489 4041 583 4102 scissi
604 4046 679 4101 sunt
700 4043 733 4100 in
755 4043 938 4105 Memnones
959 4042 1016 4101 sub
1039 4042 1138 4101 variis
1160 4041 1286 4118 effugiis
1309 4043 1343 4096 et

116 4138 374 4215 amphibologiis,
402 4140 543 4200 dansenii
573 4157 665 4199 sensu
698 4145 801 4200 mente
832 4146 956 4201 retento
982 4139 1231 4210 subscribentes,
1253 4141 1286 4196 41
1308 4135 1341 4193 14

115 4235 302 4298 Rrainmnns
323 4238 390 4296 sine
411 4236 579 4298 manifesto
600 4239 740 4314 periurio
760 4239 792 4298 id
815 4239 884 4298 fieri
904 4257 995 4316 posse
1010 4243 1171 4315 negantes.
1197 4235 1342 4297 Jansenii

116 4333 270 4410 Magister
290 4338 323 4392 et
352 4335 524 4394 Baianismi
556 4341 748 4413 propagator
780 4336 844 4399 fuit
870 4339 1001 4397 Ioannes
1033 4336 1206 4412 Vergerius
1236 4334 1342 4393 Abbas

114 4428 315 4510 Soucyrauus
335 4434 367 4490 in
389 4433 563 4494 Ecclesiam
585 4435 726 4511 apprime
757 4434 908 4507 iniurius,
937 4435 1097 4512 Synodum
1118 4433 1338 4494 Tridentinam

115 4527 381 4591 Scholastioorum
410 4532 473 4592 vile
503 4533 760 4594 conventiculum
792 4534 950 4612 appellare
982 4551 1089 4593 ausus.
1123 4536 1211 4596 Inter
1237 4535 1341 4594 secta·
