3466 5362
352 441 355 458 .
398 403 442 462 De
460 401 634 462 remissicae
660 406 859 478 peccatoram
890 398 933 458 ad
952 399 1159 480 Euthymiam
1179 401 1267 460 Libri
1287 399 1347 460 dm
1371 431 1390 448 ·
1413 401 1461 460 De
1483 398 1629 460 [acama-

400 503 479 561 tioae
498 499 557 579 filii
576 501 633 560 Dei
652 506 682 562 et
701 499 808 563 viliam
829 499 1015 558 amimalium
1042 505 1166 559 auctore
1188 498 1232 557 ad
1258 499 1422 559 Scarilam
1453 499 1526 559 Lib.
1556 517 1631 558 anas

400 633 416 646 -
440 600 476 660 ale
496 600 625 659 veritate
641 597 935 677 praedestinationis
955 604 984 656 et
994 598 1117 674 pratiae
1127 597 1395 658 Deiadloarmem
1411 603 1445 658 et
1464 583 1631 657 Veneriam

398 699 464 759 Lib.
485 700 518 756 3.
540 697 622 758 -De
642 696 722 756 Fide
750 715 803 756 sea
833 695 870 756 de
891 696 1003 772 reputa
1031 713 1122 758 aerae
1141 695 1216 775 fidei
1236 696 1279 754 ad
1299 697 1440 756 Petram
1464 696 1536 754 Lib.
1564 697 1593 754 1.
1616 729 1632 738 -

398 798 463 856 Pro
483 795 545 876 (ide
567 796 719 856 catholica
731 793 875 854 adrasus
893 795 1024 856 Pictam
1042 795 1080 854 L.
1096 812 1178 856 anas
1190 793 1367 875 (Sermones
1387 794 1443 858 {ie
1461 793 1565 854 vatic.
1580 794 1635 855 Go-

399 895 467 955 dice
481 893 631 972 descripti
647 911 755 954 recens
770 892 925 970 prodiere,
940 910 1072 968 quornm
1086 892 1206 972 primns
1221 893 1278 952 vix
1293 892 1439 972 dubitari
1464 896 1575 970 potest
1590 893 1634 969 ip-

377 1025 380 1032 .
400 994 466 1052 sius
480 1010 561 1065 esse,
577 991 708 1054 alterius
730 992 813 1052 alter
832 995 943 1050 auctor
962 1009 1030 1052 esse
1045 990 1184 1072 videtur)
1205 1024 1223 1038 -
1244 991 1296 1054 Aa
1315 992 1518 1070 Episcopum
1540 992 1634 1052 Aria-

397 1110 474 1150 aam
484 1092 522 1151 L.
541 1092 571 1150 1.
588 1090 748 1152 Sermones
763 1090 816 1150 10:
842 1122 859 1136 ·
881 1093 1050 1166 supersunt
1064 1091 1159 1150 etiam
1170 1091 1367 1167 Frapmmta
1388 1091 1500 1168 operis
1522 1097 1632 1150 cantra

397 1189 585 1251 Fabianam.
601 1188 789 1268 Fulgentius
805 1187 978 1274 halebatur
993 1188 1042 1248 sui
1057 1188 1177 1250 saeculi
1190 1189 1404 1267 Augustinus,
1417 1208 1457 1249 ac
1477 1194 1564 1250 teste
1577 1189 1634 1258 Isi-

399 1289 473 1347 doro
493 1287 687 1364 Hispalensi‚
703 1285 766 1346 fuit
781 1286 813 1345 iu
828 1285 1022 1346 confessione
1043 1286 1115 1346 fidei
1131 1287 1249 1360 clerus,
1262 1271 1294 1348 iu
1309 1287 1491 1366 scripturis
1510 1288 1631 1348 divinis

333 1387 336 1394 '
399 1385 521 1463 copiose
530 1385 687 1458 eruditus,
703 1385 736 1443 in
749 1383 900 1460 loquendo
916 1385 1026 1458 dulcis,
1038 1385 1070 1444 in
1086 1386 1221 1446 docendo
1233 1405 1269 1446 ac
1280 1385 1469 1446 disserendo
1487 1385 1631 1446 subtilis.

398 1483 504 1542 Editio
523 1481 796 1560 praestantissima
806 1481 924 1560 prodiit
943 1482 1059 1544 Pariis.
1081 1502 1132 1546 au.
1146 1483 1222 1544 1684
1242 1483 1275 1544 iu
1296 1487 1325 1544 4.
1340 1501 1458 1548 recusa
1476 1483 1628 1548 venetiis

400 1581 552 1640 1742f01.

398 1653 404 1674 ⁸
457 1681 488 1742 S.
512 1682 673 1744 Ennomus
694 1681 761 1740 Tm.
781 1677 818 1761 (i.
842 1698 869 1740 a.
890 1676 971 1759 512).
993 1679 1097 1762 Ipsius
1118 1681 1285 1744 habentur:
1308 1682 1396 1744 Libri
1417 1682 1440 1744 9
1464 1683 1628 1761 Epistola·

397 1799 469 1840 ram
490 1779 532 1840 ad
543 1781 719 1856 familiares
740 1813 757 1826 -
774 1778 926 1857 Opasoala
941 1778 1041 1840 decem
1054 1778 1145 1858 (quae
1159 1783 1341 1859 plerumque
1357 1797 1406 1842 res
1423 1800 1544 1844 sacras
1562 1771 1630 1843 tra?

398 1883 497 1951 etant,
520 1879 605 1938 inter
618 1877 769 1956 opuscula
782 1877 955 1956 principem
970 1877 1072 1941 locam
1089 1882 1174 1940 tenet
1185 1879 1311 1940 libellus
1327 1881 1557 1958 apologeticus
1574 1899 1628 1959 pro

398 1979 522 2056 Synodo
544 1976 701 2058 palmari).
721 1967 887 2038 'Dictioues
908 1976 949 2040 29
971 1980 1046 2038 suut
1065 1981 1121 2038 aut
1133 1994 1239 2038 sacrae
1252 1981 1307 2038 aut
1321 1978 1555 2054 scholasticae,
1573 1983 1626 2040 aut

397 2078 631 2138 coutroversiae
649 2081 704 2138 aut
725 2077 856 2160 ethicae.
890 2077 1070 2138 carminum
1091 2095 1144 2138 sen
1171 2082 1348 2156 poematum
1372 2077 1444 2138 libri
1471 2077 1539 2138 dua
1566 2079 1625 2138 cir·

397 2173 627 2236 cumfcruntnr.
651 2175 760 2253 Stylns
782 2175 934 2236 obscurus
956 2181 1018 2249 est,
1041 2179 1094 2238 sed
1114 2176 1261 2256 antiquae
1282 2177 1459 2256 elegantiae
1484 2178 1622 2256 speciem

395 2271 581 2349 praesefert.
603 2274 729 2352 Optima
749 2275 806 2336 Ed.
828 2277 878 2334 est
897 2273 984 2336 iacta
1002 2276 1104 2338 Paris.
1128 2297 1177 2338 an.
1206 2277 1293 2342 1611.
1317 2278 1349 2338 in
1370 2279 1407 2338 8.

456 2378 623 2440 D10nrs1ns
644 2376 782 2438 Exronns
801 2373 848 2454 (²5.
869 2393 897 2434 a.
918 2373 1002 2454 540).
1025 2376 1101 2436 Eius
1122 2393 1217 2452 opera
1231 2379 1314 2436 sunt:
1333 2377 1479 2456 Epistola
1502 2378 1540 2438 S.
1562 2377 1622 2456 Cp·

396 2478 462 2537 rilli
487 2496 508 2536 a
536 2477 679 2556 Dionysio
709 2475 863 2535 translata
884 2505 900 2520 ·
921 2461 1080 2551 Epistulae
1108 2475 1189 2535 daae
1217 2475 1254 2534 ale
1282 2475 1404 2536 ratione
1433 2477 1583 2538 Paschae
1605 2507 1621 2520 -

397 2576 501 2636 Ocalea
522 2576 685 2636 Oaaoaam
704 2575 860 2634 Ecclesiae
887 2574 1048 2634 aniversae
1069 2607 1087 2638 ·.·
1110 2573 1214 2634 Codeta
1236 2575 1399 2634 Camenam
1419 2575 1618 2637 Ecclesiasti-

395 2693 501 2734 ocram
523 2675 590 2734 sive
611 2675 707 2734 codex
730 2690 883 2732 canonum
906 2676 997 2732 vetus
1019 2672 1181 2733 Ecclesiae
1202 2673 1359 2734 Romanae
1374 2705 1390 2720 ·
1407 2674 1556 2738 Collectio
1570 2673 1619 2733 ele·

395 2781 548 2834 cretarum
569 2773 758 2852 Pontificem
778 2772 992 2831 Romanorum
1013 2803 1030 2816 -
1057 2771 1231 2832 Tramlatio
1243 2772 1314 2831 libri
1326 2771 1360 2832 S.
1379 2773 1530 2849 Greporii
1543 2772 1621 2852 Nys-

394 2873 458 2934 seai
478 2871 515 2932 de
547 2871 666 2950 opificio
696 2870 826 2930 hominis
846 2901 863 2916 ·
884 2869 1105 2948 Interpretatia
1126 2871 1284 2948 Epistulae
1304 2871 1337 2931 S.
1364 2871 1537 2934 Procliani
1558 2874 1620 2932 Ar-

395 2989 499 3032 menes
519 3003 536 3015 -
557 2970 698 3029 Historia
725 2969 908 3030 inuentionis
937 2969 1046 3048 eapitis
1072 2969 1105 3030 S.
1138 2969 1265 3032 Ioannis
1290 2971 1453 3050 Baptistae
1483 2973 1523 3032 ab
1553 2971 1617 3048 ipsa

398 3071 494 3131 latine
513 3067 638 3128 reddita
658 3099 674 3114 -
698 3067 805 3147 Cyclas
825 3067 993 3128 Paschalis.
1005 3069 1105 3146 Opera
1118 3067 1186 3128 eius
1207 3067 1240 3128 iu
1255 3087 1351 3130 uuum
1373 3069 1508 3130 collecta
1529 3085 1621 3154 nunt·⁴

396 3186 488 3244 quam
508 3167 659 3244 prodiere.

459 3267 628 3340 Fscnnnns
651 3265 707 3325 Er.
735 3267 893 3326 Hnanrnn.
914 3264 961 3345 (tl.
986 3283 1012 3323 c.
1036 3282 1065 3324 a.
1093 3261 1175 3345 545).
1206 3265 1356 3342 Scripsit¹
1371 3264 1470 3326 libros
1495 3267 1541 3327 12
1557 3281 1618 3345 pra

397 3362 571 3440 defensione
592 3363 689 3421 triam
702 3363 919 3440 Capitalomm
934 3394 951 3408 -
972 3362 1071 3422 Unam
1084 3369 1194 3422 cantra
1207 3364 1391 3426 Mucianam
1403 3365 1617 3426 scholasticam

398 3469 427 3522 et
446 3461 622 3538 Epistolam
640 3459 715 3539 fidei
734 3461 901 3520 catholicae
919 3461 954 3518 ia
974 3459 1149 3536 defensione
1169 3461 1265 3520 triam
1288 3461 1516 3538 Capitalomm.
1540 3463 1619 3524 Fuit

399 3559 452 3618 vir
472 3558 706 3618 eruditissimus
736 3561 769 3618 et
797 3558 915 3636 Synodi
946 3557 1204 3623 Chalcedonensis
1234 3555 1457 3620 anctoritatem
1488 3565 1617 3622 strenue

399 3656 548 3717 defendit.
1054 3703 1060 3714 .
1246 3713 1250 3722 ,

458 3758 644 3818 Vnusnnrns
665 3756 878 3817 llosrnnerns
906 3753 944 3834 (f.
967 3773 994 3814 a.
1018 3753 1099 3834 560).
1124 3757 1224 3834 Opera
1251 3755 1318 3815 eius
1347 3759 1429 3816 sunt:
1464 3757 1617 3817 Carmina

399 3855 470 3913 libri
489 3853 633 3914 undecim
654 3854 719 3934 (his
740 3859 843 3914 tamen
864 3855 1056 3914 carminibus
1078 3855 1282 3934 intermixtae
1304 3858 1379 3916 sunt
1392 3874 1502 3932 prosae
1523 3875 1617 3934 qnae·

398 3953 481 4033 dem)
500 3954 589 4013 Libri
609 3961 744 4030 quatuor
765 3953 802 4013 de
821 3955 886 4013 aita
905 3954 938 4012 S.
961 3954 1097 4014 Martini
1117 3987 1133 4000 -
1155 3955 1264 4014 Libelli
1276 3945 1451 4030 copulares
1465 3954 1546 4034 (tres
1563 3958 1616 4017 iti·

399 4058 466 4116 dem
486 4053 601 4132 poetici
621 4053 665 4112 ex'
682 4071 814 4131 persona
835 4055 866 4112 S.
889 4054 1093 4133 Radegandis
1105 4053 1268 4130 compositi
1284 4052 1372 4134 sunt)
1387 4056 1475 4117 Vitae
1489 4058 1614 4134 aliquae

397 4155 594 4216 Sanctorum.
617 4153 674 4212 Ed.
699 4152 882 4238 Magantiae
903 4170 953 4211 an.
978 4153 1063 4215 1603.
1087 4155 1191 4212 etan.
1217 4150 1310 4226 1617,
1331 4155 1606 4230 praestantissima

401 4270 475 4313 vero
494 4251 581 4311 iacta
600 4255 650 4310 est
670 4253 786 4314 Romae
807 4269 857 4311 au.
881 4250 967 4311 1786.

458 4350 667 4412 clssroaorns
686 4347 723 4430 (†
744 4368 774 4408 a.
797 4367 825 4408 o.
846 4347 929 4428 562).
955 4348 1003 4408 Ab
1032 4348 1102 4426 ipso
1131 4349 1272 4428 prodiere
1293 4381 1310 4396 -
1337 4351 1506 4412 Variaram
1536 4351 1612 4434 (epi-

358 4459 361 4464 “
398 4447 566 4529 stolarum)
584 4449 673 4509 Libri
699 4449 753 4508 12.
783 4449 924 4508 Historia
954 4448 1118 4526 tripartita
1148 4479 1165 4494 ·
1198 4449 1369 4510 Chronicoa
1399 4481 1415 4494 ·
1446 4451 1612 4529 Compatas

351 4631 352 4636 γ
395 4548 550 4624 paschalis
569 4582 586 4595 -
607 4548 768 4628 Eepositia
787 4548 821 4606 ia
849 4547 1036 4608 Psalteriam
1058 4580 1074 4594 -
1096 4547 1258 4626 Eapositio
1279 4550 1312 4608 ia
1333 4548 1508 4622 ‚carinam
1532 4583 1549 4596 ·
1571 4552 1612 4624 De
