3404 5360
886 307 1067 376 1-80-

392 407 546 470 Medici·
568 407 675 470 Oratio
702 407 804 490 tidelis
827 408 1072 486 praepamtotia
1092 407 1136 470 ad
1154 413 1323 468 mortem·
1302 407 1608 486 -Prceporationes
1686 435 1687 484 3

351 511 524 584 quatuor
543 507 691 568 notabiles
710 507 754 566 ad
772 512 903 568 mutem
921 507 1081 584 felicem·
1101 504 1253 566 Notabilis
1269 507 1335 568 alia
1354 506 1398 566 ael
1415 514 1546 568 ιιιινιιιιι
1558 510 1609 584 fe-

388 609 474 668 licem
499 607 745 686 praeparatio·
724 607 806 666 -De
838 605 939 666 decem
965 605 1160 666 caecitatibus
1190 612 1236 666 ιι
1244 605 1477 683 quatuordecim
1506 606 1610 665 divini

388 708 503 767 amoris
520 705 677 766 rodmibus
696 703 822 766 libellus.
845 703 1023 768 Notandum
1051 704 1307 782 veronaque
1334 703 1456 764 monuit
1477 704 1607 776 Sarius,

386 803 628 866 instructionem
650 803 686 863 de
707 802 882 864 virtutibus
903 806 935 862 et
956 819 1034 878 quae
1054 805 1230 878 sequuntur
1249 801 1451 862 sex-diversis
1472 802 1605 862 Tanleri

390 901 519 978 scriptis
541 901 674 962 collecta
694 917 774 974 esse,
796 899 982 977 quibusdam
1003 899 1129 960 aliunde
1149 917 1188 959 ex
1209 899 1383 962 illustrium
1396 900 1607 962 virorum'ln-

367 988 630 1062 'cubrstionibus
652 999 814 1062 admixtis.

446 1097 581 1160 Ioannes
601 1099 724 1161 Gnaeos
745 1098 830 1159 Meu.
848 1096 938 1158 Οιιιι..
952 1095 1058 1177 (1363·
1061 1093 1161 1175 llas).
1179 1095 1453 1159 Celeberrimusat
1439 1095 1606 1156 tscientia

387 1198 420 1256 et
440 1195 545 1256 studio
563 1193 697 1256 unitatis
718 1193 893 1256 ecclesiast
871 1199 952 1256 ticae
981 1196 1061 1254 unde
1082 1193 1196 1256 titulus
1226 1195 1306 1278 Doct
1293 1193 1374 1256 toris
1400 1193 1609 1256 christianis-

389 1292 461 1352 simi
482 1294 510 1354 ei
531 1293 660 1372 obtigit,
682 1289 814 1370 scripsit
843 1287 920 1371 opus
941 1291 1000 1354 Pet
986 1295 1036 1352 tro
1056 1291 1228 1354 Alliccensi
1253 1273 1376 1352 dedicat
1362 1295 1429 1352 tum
1451 1289 1487 1352 de
1508 1289 1601 1350 niodo

383 1390 588 1470 pacificandi,
618 1389 817 1466 reformandi
843 1408 880 1450 ac
905 1388 1036 1450 uniendi
1061 1389 1271 1450 Ecclesiam·
1290 1389 1409 1448 Exul'
1401 1407 1435 1448 ιιι
1462 1389 1604 1450 Bavaria

387 1488 519 1566 scripsit
548 1487 586 1548 de
618 1489 821 1549 consolatione
854 1489 1025 1566 tbeolopiae
1053 1520 1074 1536 -
1103 1489 1167 1548 Exi
1154 1483 1223 1548 tant
1246 1490 1408 1565 praeterea
1439 1504 1535 1571 opera
1569 1485 1607 1546 de

383 1586 580 1664 plenitudine
606 1589 768 1664 potestatis
796 1587 1024 1660 ecclesiasticae,
1056 1585 1094 1648 de
1126 1587 1255 1646 statibus
1284 1585 1490 1646 ecclesiasticis
1517 1615 1539 1629 -
1569 1583 1607 1644 dc

386 1685 507 1746 unitate
526 1685 737 1758 ecclesiastica,
763 1685 926 1746 Tractatus
944 1687 977 1746 2.
995 1685 1032 1746 de
1044 1685 1205 1762 scismate
1224 1718 1242 1730 -
1267 1682 1431 1744 Tractatio
1453 1682 1606 1760 quomodo
1686 1731 1687 1770 p

388 1789 417 1842 et
437 1802 480 1843 an
508 1783 598 1844 liceat
625 1785 659 1843 in
687 1786 785 1846 causis
812 1783 888 1863 (idei
907 1804 928 1845 a
947 1785 1040 1862 Papa
1069 1785 1228 1862 appellare
1251 1813 1269 1828 ·
1302 1782 1466 1842 Tractatus
1495 1789 1607 1842 contra

385 1881 512 1960 'Papam
531 1901 628 1962 supro
647 1889 796 1960 potestate
816 1889 847 1944 ct
875 1883 1060 1944 auctoritato
1080 1883 1235 1942 Ecclesiae
1254 1913 1275 1928 -
1296 1879 1333 1940 de
1360 1883 1605 1942 eccommnnica-

387 1981 517 2042 catione.
537 1981 638 2059 Opera
658 1982 727 2060 ejus
749 1982 999 2060 complectuntur
1017 1980 1047 2040 5.
1071 1979 1140 2042 Vol.
1164 1980 1196 2040 in
1218 1977 1272 2040 iol.

444 2078 619 2150 Mineruiae
647 2097 686 2140 ιιι
707 2079 804 2141 Iussu
824 2077 940 2161 (1370).
974 2079 1110 2156 Scripsit
1097 2076 1372 2138 tCommentaria
1402 2075 1436 2134 in
1468 2083 1603 2154 quatuor
1686 2159 1687 2170 ἵ

387 2175 477 2236 libros
508 2179 751 2250 sententiarum,
781 2196 859 2254 quac
890 2177 956 2238 sola
985 2177 1072 2254 prelo
1103 2177 1248 2236 mandata
1280 2177 1363 2234 sunt.
1393 2175 1504 2276 (latera
1529 2179 1603 2234 sunt

389 2275 490 2336 adhuc
512 2275 739 2360 manuscripts

446 2364 624 2437 hunnosms
643 2375 898 2436 Ceraunussusrs
918 2370 1034 2454 (1386).
1055 2373 1162 2435 Vertit
1188 2371 1339 2450 plurimos
1361 2387 1491 2457 graccos
1507 2371 1604 2430 libros
1686 2397 1687 2400 ι

388 2471 422 2532 in
442 2473 573 2533 latinam
595 2473 733 2552 linguam
756 2477 791 2532 ut
811 2471 1089 2550 Pseudo-Dionysii
1109 2488 1186 2549 opus
1208 2472 1243 2530 de
1265 2467 1394 2530 caelesti
1412 2468 1604 2541 hierarchia,

387 2573 494 2634 Vitam
515 2573 546 2632 S.
559 2572 776 2649 chrysostomi
797 2571 946 2651 (Palladii
967 2587 1044 2646 opus
1066 2565 1203 2646 graece);
1216 2567 1335 2644 scripta
1356 2567 1387 2628 S.
1403 2567 1529 2626 Ioannis
1545 2568 1607 2628 cli-

340 2737 345 2746 Ι
388 2669 470 2729 maci
491 2673 524 2730 ct
544 2669 691 2748 Diogenis
712 2669 843 2730 Laertii.
858 2668 995 2745 Scripsit
1009 2685 1083 2728 uero
1098 2667 1275 2728 chronicon
1295 2666 1495 2739 Pessimum,
1519 2668 1602 2727 vitas

393 2767 592 2841 Sanctorum,
623 2767 786 2828 Sermones
813 2769 850 2828 dc
879 2766 1058 2828 admirabili
1088 2766 1288 2826 Sacramenta
1311 2767 1451 2844 corporis
1483 2765 1604 2827 Christi

390 2871 422 2926 ct
443 2865 515 2926 alia.

428 2968 538 3029 Ιιιιοιι
559 2985 613 3028 ιιι
633 2931 799 3030 Βιιιιυιιιι
823 2967 980 3030 Ionnsuus
1009 2962 1121 3047 (1381).
1154 2963 1257 3026 Multa
1285 2964 1383 3024 edidit
1412 2981 1506 3042 opera
1525 2943 1603 3042 puae
1658 2940 1661 2950 ’

389 3067 539 3143 evulgata
563 3065 693 3126 fuerunt
723 3065 780 3124 sub
801 3065 923 3126 nomine
956 3066 1098 3137 Interes,
1131 3063 1206 3124 hacc
1228 3068 1331 3124 autem
1355 3061 1458 3122 omnia
1478 3061 1601 3122 auctori

391 3181 447 3222 suo
469 3165 633 3238 restituta,
655 3164 752 3224 edidit
772 3164 963 3241 Theophilus
984 3163 1177 3240 Raynaudus
1198 3162 1274 3240 S.⁴I.
1357 3207 1359 3212 .

448 3263 586 3326 Persas·
604 3267 808 3326 Ancusensis
839 3263 934 3323 Ocno.
965 3257 1078 3340 (1396).
1108 3261 1155 3320 Ab
1185 3271 1221 3320 co
1240 3262 1352 3320 extant
1381 3257 1607 3318 Commentarii
1686 3283 1687 3288 ι

388 3375 481 3436 saper
503 3362 593 3420 libros
612 3361 646 3424 4.
663 3361 888 3426 sententiarum
908 3378 970 3419 una
993 3377 1063 3418 cum
1085 3358 1229 3418 laudibus
1254 3355 1440 3436 Theologiac
1461 3361 1494 3417 ct
1513 3372 1606 3433 puae·
1634 3367 1637 3371 '

390 3458 537 3516 sidonibus
557 3457 594 3519 de
609 3465 760 3537 potestate
780 3445 934 3518 Ecclesiae
954 3489 971 3502 -
996 3457 1023 3514 T
1020 3463 1158 3518 rectatus
1172 3456 1209 3516 dc
1226 3455 1380 3515 Ecclesiae
1400 3462 1429 3516 et
1450 3455 1605 3516 Cardine·
1686 3479 1687 3488 ι

391 3559 466 3616 lium
491 3559 676 3618 auctoritate
696 3591 713 3602 -
733 3557 896 3635 Responsio
916 3561 1026 3615 contra
1053 3555 1110 3613 Er.
1132 3554 1287 3614 Matthaei
1315 3553 1518 3614 conclusiones
1543 3569 1604 3630 pro

390 3665 472 3717 secta
491 3658 732 3734 depellantium.
755 3656 928 3716 -Libellus
954 3654 992 3714 de
1022 3651 1232 3714 emendatione
1265 3650 1414 3710 Ecclesiae
1432 3683 1453 3696 -
1473 3649 1607 3710 Medita-

391 3757 485 3815 tiones
504 3758 538 3814 in
557 3764 670 3834 septem
690 3757 829 3818 Pserimos
844 3754 1077 3840 poenitentiales
1095 3785 1116 3798 -
1139 3753 1210 3812 Vita
1229 3749 1262 3810 S.
1287 3751 1450 3810 Caelestini
1474 3751 1508 3810 V.
1532 3749 1604 3810 Ser·

279 3921 280 3924 Ἴ
390 3873 493 3916 moues
510 3857 601 3916 uarii.
613 3856 661 3915 Ad
675 3857 764 3928 haec,
785 3858 910 3932 praeter
931 3855 1100 3914 Tractatus
1117 3851 1222 3912 varios
1237 3848 1480 3926 philosophicos,
1502 3848 1605 3926 potis·

295 3981 299 3992 ·
393 3953 505 4024 simum
524 3954 609 4014 circa
629 3943 881 4015 conchrdantiam
902 3951 1112 4013 astronomiae
1125 3937 1391 4026 cum'Theologia
1414 3948 1511 4008 edidit
1530 3947 1605 4025 Spe-

392 4054 495 4113 culum
509 4051 775 4112 considerationis:
797 4051 1010 4130 compendium
1030 4047 1302 4126 contemplationis.
1319 4048 1357 4108 L.
1374 4047 1524 4106 desectae
1548 4047 1608 4125 spi·

392 4152 515 4212 ritualis
527 4151 678 4226 praelibas
687 4183 705 4196 -
719 4153 864 4230 Epitome
881 4151 1092 4228 quadruplicis
1106 4148 1255 4208 cumdius
1271 4147 1441 4223 spiritualis
1454 4179 1472 4190 -
1487 4145 1524 4204 de
1538 4163 1607 4207 ora-

393 4253 474 4310 tione
494 4249 649 4310 dominica
669 4241 713 4310 Ly
729 4283 749 4295 -
767 4250 924 4310 Orationis
939 4250 1109 4310 dominicae
1130 4245 1345 4323 oppositionem
1366 4245 1574 4323 anapopicam
1586 4275 1606 4289 -

391 4348 596 4417 Salutationis
615 4347 775 4422 anpelcbae
795 4349 1012 4425 appositionem
1041 4345 1181 4406 devotam
1202 4375 1219 4390 -
1244 4343 1375 4404 Verbum
1395 4343 1604 4405 abbreviatum

391 4465 484 4524 snper
493 4447 602 4508 Libros
620 4446 1088 4508 Psalmorum-Meditationem
1107 4445 1141 4503 in
1155 4444 1249 4520 ¹Pscl.
1264 4443 1359 4502 XXX
1375 4443 1411 4502 Ιιι
1424 4460 1463 4504 rs
1482 4445 1606 4506 Damus

395 4561 522 4631 ιιιιιιιιι
553 4578 571 4592 -
602 4544 839 4614 Meditationem
867 4546 1000 4606 alteram
1028 4545 1062 4603 in
1090 4542 1230 4604 eumdem
1253 4544 1415 4603 Psalmum
1436 4575 1452 4588 -
1473 4543 1607 4606 Medito-
