3466 5362
114 407 283 484 Aquitani.
304 375 979 483 100000001001000111000000,01000000
994 406 1031 469 010
1040 407 1251 486 prouidentia.
1264 411 1341 474 suit

116 507 185 582 ipse
206 508 298 583 poeta
319 506 459 584 elegans,
481 509 590 568 orator
609 506 769 583 eloquens,
793 507 969 584 Theologus
990 505 1176 584 profundus,
1194 508 1341 570 defensor

115 604 291 684 Augustini
313 605 484 665 studiosus.
505 605 783 666 Praestantissima
804 606 861 666 Ed.
878 604 996 682 prodiit
1011 604 1111 665 Paris.
1125 624 1174 666 an.
1191 606 1277 668 1711.
1293 626 1341 668 re-

116 723 196 764 cusa
215 707 329 766 Venet.
352 721 402 763 au.
426 703 513 764 1141.
538 703 721 764 1782104.

180 805 212 864 S.
234 805 298 866 Lau
319 805 453 865 Maurus
474 802 511 881 (1.
532 821 560 862 0.
581 801 664 880 440).
687 803 736 862 Ex
757 802 970 879 0100001101ἰο
991 807 1162 879 supersunt
1176 804 1338 867 Sermones

114 901 216 962 96110
234 901 389 980 Mysteriis
414 901 540 960 Domini
559 933 576 948 -
596 900 634 960 ele
662 900 783 962 Sanctis
804 932 821 945 -
843 899 880 960 ale
904 899 1153 976 Quadrupesima
1174 909 1203 962 01
1223 903 1337 974 ieiunio

114 999 309 1060 diversorum
329 1005 501 1076 temporum
523 1031 538 1044 ·
558 997 596 1058 ele
608 998 746 1058 Collectis
759 1005 789 1058 01
803 999 999 1078 eleemosynis
1018 1002 1080 1058 etc.
1097 1000 1256 1077 Epistulae
1267 1019 1336 1061 uero

119 1098 187 1158 173
217 1097 309 1158 hodie
338 1101 479 1168 exstant,
509 1114 642 1173 quarum
672 1098 848 1174 complures
870 1098 903 1158 iu
932 1098 1072 1175 linguam
1095 1115 1240 1176 graecam
1262 1099 1337 1159 olim

117 1195 292 1256 translatae
323 1199 407 1256 sunt.
437 1198 473 1257 In
502 1195 552 1254 his
573 1195 770 1272 potissimum
792 1196 861 1275 agit
882 1198 918 1274 10
939 1196 1144 1258 observandis
1174 1197 1336 1258 Ecclesiae

118 1293 254 1371 legibus,
285 1294 321 1354 de
351 1293 543 1366 hierarchia,
575 1294 611 1352 de
632 1293 828 1372 clericerum
849 1295 1089 1354 conversatione
1116 1313 1152 1354 00
1174 1295 1210 1354 10
1232 1313 1338 1356 sacra-

119 1391 243 1452 mentis.
266 1391 343 1452 Fuit
363 1391 396 1450 10
410 1391 478 1468 1000
498 1391 660 1452 doctrinae
680 1392 869 1454 excellentia
889 1393 1059 1467 mirabilis,
1088 1392 1207 1472 ingenii
1232 1412 1336 1454 amoe-

61 1509 64 1518 ’
119 1489 217 1562 01100,
240 1489 350 1549 iudicii
370 1488 517 1562 firmitas,
540 1489 635 1550 animi
656 1487 820 1551 tortitudo.
841 1491 952 1568 Stylus
974 1492 1099 1570 elegans
1132 1495 1164 1552 01
1185 1491 1338 1554 10000100

116 1592 177 1648 est.
202 1587 307 1648 Editio
327 1587 464 1648 omnium
485 1587 759 1665 praestantissima
771 1592 832 1664 001,
848 1608 939 1667 quam
954 1592 1148 1652 adornarunt
1162 1591 1225 1652 FF.
1249 1591 1340 1652 Bale-

117 1686 182 1746 rini
204 1689 313 1750 Venet.
338 1687 426 1750 1753.

178 1787 211 1846 S.
234 1788 379 1852 Basrnrus
401 1789 569 1852 Ssnsucsn.
591 1785 628 1870 (1.
652 1805 681 1846 0.
703 1787 787 1868 448).
809 1790 947 1850 Exstant
971 1785 1083 1850 Basilii
1107 1787 1339 1850 martenesie
1361 1777 1365 1786 ’

105 1890 152 1948 -in
184 1885 286 1948 Veteri
314 1895 344 1948 01
370 1885 455 1948 Nouo
490 1886 680 1948 Testamenta
701 1889 827 1948 -Libri
857 1889 880 1948 2
910 1887 1032 1948 100110
1063 1893 1092 1945 et
1119 1887 1281 1948 miraculis
1299 1887 1334 1948 S.

120 1988 261 2050 Theclae.
686 1987 687 1994 ’

177 2088 209 2148 S.
232 2086 649 2150 10000010010100000.
670 2084 706 2166 (†
727 2083 809 2164 450).
827 2085 963 2163 Scripsit
977 2070 1083 2144 Libros
1095 2085 1127 2143 2.
1149 2084 1341 2144 instructio-

116 2203 194 2244 num
214 2183 257 2245 ad
284 2185 458 2245 Salonium.
488 2184 558 2244 Lib.
583 2185 611 2244 1.
633 2185 857 2244 Formnlaram
879 2184 1050 2262 spiritualis
1070 2183 1296 2259 intelligentiae
1311 2182 1333 2242 1.

119 2287 293 2364 Epistulam
309 2285 545 2364 paraeneticum
564 2283 607 2343 ael
631 2283 834 2344 Valerianum
855 2283 892 2344 ole
905 2288 1081 2360 contemptu
1101 2280 1212 2340 mundi
1233 2288 1262 2340 et
1273 2298 1340 2341 sae·

119 2385 235 2445 cularis
263 2386 470 2463 philosophiae
492 2383 677 2444 -Libellum
707 2382 744 2443 de
764 2382 855 2443 laude
876 2382 987 2443 Eremi
1019 2380 1061 2446 ad
1082 2379 1115 2440 S.
1138 2381 1296 2440 Hilarium
1320 2409 1338 2425 -

115 2485 290 2546 Historiam
306 2486 459 2564 passionis
478 2485 512 2544 S.
533 2483 681 2543 Mauritii
701 2490 730 2543 01
739 2470 909 2542 Sociorum.
932 2483 1020 2542 Inter
1040 2480 1107 2539 eius
1121 2480 1222 2557 Opera
1244 2477 1338 2538 dubia

116 2592 277 2645 recenseri
310 2584 421 2645 debent
440 2583 595 2643 Humiliae
615 2583 740 2658 aliquae
768 2613 785 2626 -
815 2581 1006 2641 Eabortatio
1033 2578 1076 2637 acl
1096 2577 1262 2638 Monachus
1283 2577 1338 2637 du·

114 2685 192 2763 pter
213 2716 230 2729 -
251 2684 411 2761 Epistulae
432 2683 525 2755 duae,
546 2680 860 2753 0000110001010,
883 2681 948 2738 alia
970 2679 1013 2737 ad
1040 2677 1212 2738 Philonem.

179 2783 211 2843 S.
230 2783 371 2844 Niceros
391 2783 534 2852 Aonium.
557 2782 612 2840 Er.
635 2778 671 2860 (1.
696 2799 724 2840 0.
747 2777 820 2858 450)
840 2781 888 2838 Ex
914 2778 982 2838 eius
1009 2777 1138 2854 scriptis
1168 2779 1340 2854 supersunt

115 2881 313 2960 Explanatio
332 2880 461 2958 symboli
480 2880 588 2940 babitu
609 2878 652 2938 ari
673 2879 883 2956 Competentes
904 2911 920 2924 ·
941 2879 984 2938 De
1011 2877 1134 2936 ratione
1161 2875 1238 2956 fidei
1262 2875 1338 2934 allo-

117 2980 199 3039 cutio
219 3009 236 3023 -
256 2981 300 3038 De
331 2979 468 3056 Spiritus
495 2977 606 3038 Sancti
632 2977 776 3054 potentia
811 2977 974 3036 Tractatus
995 3007 1012 3020 -
1042 2975 1206 3036 Tractatns
1235 2974 1272 3035 de
1294 2973 1340 3034 di-

119 3079 212 3136 versis
231 3077 487 3154 appellationibus
505 3078 542 3135 D.
574 3074 613 3135 N.
645 3075 713 3135 Iesu
744 3075 864 3134 cbristo
895 3075 1151 3134 convenientibus.
1185 3073 1338 3133 Doctrina

123 3174 191 3233 eius
209 3192 286 3251 pura
306 3180 339 3235 et
359 3175 485 3254 integra
504 3177 565 3248 est,
588 3173 693 3252 stylus
715 3173 849 3251 simplex
870 3175 902 3232 et
922 3171 1056 3248 nitidus,
1072 3170 1170 3232 dictio
1185 3171 1291 3232 brevis
1307 3175 1339 3232 et

121 3273 295 3350 perspicua.
561 3271 567 3286 “
978 3323 980 3328 .

180 3372 339 3456 Aesonius
360 3374 429 3436 100.
452 3370 500 3453 (1.
523 3389 551 3432 a.
575 3391 602 3432 0.
624 3370 705 3452 460).
729 3371 767 3433 Εἰ
797 3371 995 3443 tribuuntur,
1028 3369 1195 3446 Conflictus
1216 3369 1253 3431 ole
1274 3371 1338 3432 Deo

119 3487 182 3530 uno
202 3476 233 3532 01
252 3472 335 3531 trina
355 3489 425 3530 curn
444 3469 615 3549 Serapione
636 3505 653 3518 -
676 3472 792 3532 Corum.
811 3471 846 3530 in
867 3469 1005 3530 Psalmos
1025 3501 1042 3516 -
1064 3468 1290 3532 Adnotationes
1303 3471 1338 3530 in

119 3567 278 3646 quaedam
297 3569 423 3646 110000.
445 3570 521 3628 loca.

179 3667 324 3730 Fausrus
345 3669 472 3729 Rsrsns.
496 3665 534 3749 (1.
557 3685 586 3728 a.
608 3666 690 3748 470).
723 3667 881 3730 Plurimos
909 3667 1039 3745 scripsit
1068 3683 1237 3740 sermones,
1260 3686 1334 3745 quo-

121 3782 192 3824 rum
213 3767 339 3825 tantum
361 3765 396 3824 ll
427 3769 562 3828 aetatem
592 3766 749 3840 tulerunt,
771 3767 855 3828 inter
885 3783 962 3842 quos
983 3763 1120 3842 insignis
1153 3768 1203 3824 001
1224 3765 1278 3825 1110
1301 3767 1338 3828 de

121 3865 155 3923 S.
178 3865 406 3925 111001οο0100
420 3865 677 3944 praedecessore„
694 3865 831 3943 Scripsit
860 3865 955 3924 etiam
985 3864 1160 3940 complures
1188 3847 1338 3942 epistulas

122 3964 222 4024 variis
243 3967 403 4027 erroribus
425 3983 598 4045 respersas,
619 3983 655 4024 ac
677 3966 753 4024 duos
773 3965 871 4024 libros
887 3962 1045 4039 depretia
1069 3963 1124 4024 Dei
1138 3969 1168 4022 01
1181 3963 1346 4024 humanae·

120 4064 233 4122 mentis
252 4064 345 4125 libero
365 4065 507 4138 arbitria,
530 4081 607 4141 quos
629 4067 737 4140 utpote
749 4061 983 4140 semipelagiani
996 4062 1116 4122 erroris
1139 4062 1339 4139 010000,οο-

122 4163 217 4236 nachi
246 4165 362 4242 Scytae
392 4166 591 4236 damnarunt,
623 4163 704 4223 unde
733 4162 846 4222 merito
876 4161 1033 4224 sententia
1063 4161 1273 4223 damnationis
1304 4163 1337 4220 10

123 4263 246 4340 scripta
265 4264 379 4328 Fausti
398 4265 464 4327 lata
483 4268 533 4326 est
552 4283 572 4325 a
591 4263 624 4326 S.
645 4265 680 4326 P.
702 4261 827 4328 Gelasio
847 4263 873 4324 Ι.

175 4513 186 4555 1
202 4513 333 4568 11000000
347 4509 479 4555 sincerum
494 4509 593 4567 absque
613 4507 804 4555 additamentis
819 4505 977 4564 posterioris
991 4513 1086 4552 manus
1103 4501 1205 4560 legitur
1227 4501 1258 4547 tn
1275 4503 1337 4550 001.

124 4582 281 4632 sessoriano
292 4582 394 4630 saeculi
408 4580 517 4628 circiter
529 4585 553 4638 t,
567 4581 647 4638 prout
662 4581 779 4630 testatur
794 4579 870 4627 card.
887 4583 913 4626 0.
928 4576 1016 4625 Maius
1031 4573 1142 4632 101010.
1157 4575 1235 4620 Rom.
