3404 5360
616 363 657 381 -
678 333 737 396 115
754 363 795 381 -

83 445 150 505 pro
174 430 307 488 mortuis
318 451 330 501 ,·
342 429 532 490 ⁸Eustratins
554 433 746 492 Constantin.
761 431 798 492 de
811 433 974 492 animabus
991 432 1155 508 separatis·
1168 432 1212 492 Ιο.
1231 433 1317 494 Vacci

83 528 273 603 patriarch.
295 536 389 588 const.
414 529 463 588 lib.
484 533 507 589 3
527 530 564 591 dc
584 548 678 591 causa
705 530 894 604 ecbismatis;
918 530 1044 606 Georpii
1058 531 1251 610 Acropolitae
1270 534 1317 592 bi·

84 629 193 688 storia
212 628 385 706 bpnamma
400 629 438 690 ab
452 646 502 689 an
523 629 614 689 1204
628 629 671 688 od
688 647 719 689 a.
739 628 826 712 1261
831 650 852 702 .,·
867 629 955 690 lotias
973 630 1224 709 chronoprapbio
1237 647 1317 692 com·

81 725 263 803 penaliaria
282 734 313 788 et
332 728 376 788 Io.
399 727 524 789 Oanani
543 729 689 788 narratio
709 727 747 790 de
767 729 840 789 bello
854 735 1005 790 constant.
1026 746 1137 806 praece
1156 737 1186 791 et
1206 731 1313 817 latina

84 825 266 903 interprete
279 827 317 886 L.
332 827 448 888 Aiane
461 845 532 887 cum
546 825 679 888 amaea
696 827 797 900 notis,·
815 827 952 889 diatriba
965 827 1003 888 de
1025 827 1230 906 Georpiornm
1243 829 1317 888 scri·

82 924 154 1000 ptis
161 945 175 997 ,-
199 924 350 986 Graeciae
368 924 558 985 orthodoaac
577 925 740 1003 scriptores
758 929 831 987 tom.
852 928 882 988 2.
905 927 990 986 Haec
1011 927 1162 1004 opuscula
1178 926 1315 990 Allatius

86 1039 106 1082 a
127 1023 275 1083 tenebris
300 1023 385 1084 eruit
403 1007 435 1085 et
455 1023 488 1084 in
509 1023 641 1084 latinum
662 1024 838 1085 transtulit.
859 1023 1006 1084 Eiusdem
1019 1025 1132 1087 Allatii
1151 1029 1200 1086 est
1220 1025 1316 1086 inber·

85 1121 232 1196 protetio
243 1121 465 1198 opusculorum
476 1137 670 1200 graecorum:
682 1121 873 1182 enchiridion
882 1121 920 1182 de
925 1124 1116 1199 processione
1125 1121 1316 1202 SpiritusS.,·

89 1217 259 1278 Vindictae
271 1219 382 1298 mnudi
400 1219 562 1297 ephesinae
575 1226 606 1280 ct
618 1217 650 1279 S.
666 1220 778 1299 Cprilli
799 1217 836 1281 de
851 1221 1042 1298 processione
1055 1220 1110 1299 Sp.
1125 1239 1149 1280 s.
1166 1239 1205 1282 ev
1218 1221 1317 1284 Patre

85 1323 116 1376 at
145 1317 247 1389 Filio;
270 1317 313 1377 Io.
341 1317 495 1378 Henricas
522 1317 726 1394 Hottinperus
744 1318 871 1394 fraudis
898 1327 928 1380 et
953 1319 1141 1397 imposturae
1163 1320 1316 1380 convictus

85 1417 179 1475 circa
205 1432 392 1491 premortua
416 1415 590 1492 dopmata5
615 1416 666 1475 cui
695 1433 801 1494 opusc.
825 1418 986 1495 respondit
1012 1417 1181 1495 Hottinger
1207 1417 1316 1477 libello

86 1513 252 1590 inscripto
272 1515 310 1574 L.
331 1515 468 1575 Allatius
481 1515 598 1574 nimiae
612 1515 795 1575 temeritatis
812 1516 977 1575 convictus.
991 1547 1008 1562 -
1023 1517 1066 1576 De
1079 1522 1188 1576 octavo
1200 1501 1319 1594 synodo

84 1612 260 1688 photiana·
273 1614 316 1672 De
329 1612 507 1672 Simeonum
520 1612 643 1690 scriptis
657 1611 795 1672 diatriba
809 1619 838 1674 et
847 1613 997 1673 Simeonis
1006 1613 1240 1692 Metapbrostao
1250 1614 1317 1673 lau-

88 1708 181 1768 datio
202 1715 327 1770 anmore
347 1711 448 1772 Psalle
463 1741 480 1757 -
497 1711 533 1770 ln
546 1709 674 1772 liuberti
688 1711 858 1790 Orepptoni
876 1717 1082 1790 apparatam,
1103 1712 1270 1771 versionem
1289 1716 1318 1770 ct

90 1814 182 1868 notas
195 1806 240 1864 ad
253 1807 414 1868 historiam
429 1808 558 1868 Consilii
577 1807 664 1868 Flor.
680 1810 830 1887 scriptam
842 1827 863 1870 a
878 1809 1023 1869 Silvestre
1035 1809 1189 1887 Syropulo
1203 1808 1317 1868 merci·

96 1907 226 1966 totiones
234 1927 247 1978 ,·
260 1905 375 1967 Merito
388 1905 489 1983 igitur
501 1907 540 1965 ob
561 1911 610 1968 tot
623 1923 717 1984 opera
729 1907 880 1985 insignia,
900 1907 1039 1968 Allatius
1054 1906 1172 1967 dicitur
1186 1906 1315 1967 ultimus

95 2004 263 2082 theologus
284 2008 377 2081 atque
391 2004 528 2082 scriptor
542 2005 595 2080 qui
610 2003 759 2066 Graeciae
773 2003 949 2066 literarium
966 2005 1145 2066 servaverit
1155 2005 1314 2064 honorem.

149 2104 318 2167 Ausonius
338 2121 377 2164 us
398 2103 540 2165 Escouan
553 2121 593 2163 nr
615 2103 768 2166 Mannum
782 2105 813 2164 S.
831 2101 1215 2183 1.(†1669).Praeeipua
1235 2102 1317 2162 eius-

88 2203 159 2264 dem
179 2219 274 2280 opera
294 2207 368 2262 sunt
393 2201 555 2263 Universae
580 2201 749 2279 tbeolopiac
769 2202 898 2262 moralis
915 2203 1098 2280 receptiones
1126 2202 1238 2278 absque
1265 2200 1317 2260 lite

85 2301 260 2362 sententiae
280 2332 297 2346 -
319 2300 411 2361 Liber
431 2299 519 2360 tbeol.
542 2317 622 2360 mor.
643 2299 699 2361 24.
715 2301 747 2362 S.
764 2301 790 2360 Ι.
813 2300 985 2361 doctoribus
1003 2307 1168 2362 reseratus.
1190 2301 1317 2378 (lampo-

89 2401 158 2461 suit
172 2399 304 2476 henique
317 2397 358 2458 20
372 2417 467 2477 opera
481 2399 545 2458 vol.
561 2398 610 2458 42.
625 2399 658 2458 in
673 2399 697 2459 f.
713 2400 937 2478 comprehensa
950 2421 967 2460 e
981 2401 1094 2477 quibus
1115 2398 1316 2477 praecipuum

88 2503 140 2559 eet
177 2499 213 2558 V.
236 2515 273 2558 ac
297 2493 339 2558 N.
371 2497 602 2558 Testamentum
636 2497 807 2559 literalibus
831 2506 862 2560 et
888 2500 1057 2560 moralibus
1088 2496 1317 2560 commentariis

89 2597 294 2658 accusantum.
1250 2581 1255 2598 '

155 2695 378 2758 anmanuus
405 2696 547 2758 Ucumm
568 2697 646 2758 Oen.
669 2697 755 2758 cisr.
777 2695 815 2777 (†
837 2694 940 2777 loto).
960 2696 1009 2757 Ab
1031 2715 1067 2756 ec
1091 2699 1196 2757 exstat
1223 2691 1318 2756 ltalia

92 2809 194 2865 sacru,
214 2795 284 2855 sive
313 2795 349 2854 de
379 2794 545 2873 Episcopis
567 2794 678 2856 Italiae
698 2801 730 2856 et
755 2795 869 2855 insulis
902 2795 1117 2856 adiacentibus
1133 2796 1248 2873 -Opus
1270 2794 1318 2854 in·

91 2892 201 2954 fluitae
220 2893 366 2955 lectionis
387 2899 419 2956 et
440 2909 570 2971 prorsus
591 2885 762 2972 sing'ularc.

152 2992 286 3054 Ioannes
307 2993 405 3054 Bere.
428 2993 536 3054 Gouar
550 2992 627 3054 Onu.
641 2993 758 3052 Paean.
772 2991 809 3072 (†
825 2989 925 3069 1681).
944 2993 975 3053 S.
992 2993 1127 3053 Thomas
1142 2991 1317 3053 doctrinam

88 3109 206 3168 magua
226 3089 360 3150 nominis
382 3089 465 3152 sama
485 3089 618 3150 tradidit
638 3093 670 3150 et
689 3089 911 3150 themistarum
932 3090 1072 3151 scholam
1093 3095 1220 3152 strenue
1241 3106 1316 3166 pro-

88 3189 264 3267 pugnavit3
285 3189 383 3250 edidit
403 3205 480 3248 vero
502 3171 650 3266 Olppeum
665 3187 834 3264 tbcolopiae
849 3189 1038 3248 themisticac
1056 3189 1108 3248 cui
1128 3189 1250 3248 adiecta
1269 3191 1317 3248 est

88 3287 238 3364 apolopia
248 3286 469 3346 themistarum
482 3315 503 3332 -
516 3286 669 3348 Manuale
683 3287 900 3350 themistarum
912 3319 929 3334 ·
941 3287 1193 3349 Dissertationum
1208 3288 1319 3348 theolo-

89 3387 197 3461 picam
217 3384 255 3446 de
271 3387 500 3463 probabditotc.

152 3485 287 3549 locustas
321 3488 502 3549 (innuamus
524 3486 555 3547 S.
578 3485 603 3546 I.
626 3485 663 3566 (†
690 3484 790 3566 1681).
814 3487 890 3546 Eius
922 3487 1091 3565 praecipua
1120 3504 1215 3565 opera
1244 3489 1349 3547 sunt·
1447 3521 1450 3528 .

88 3581 386 3644 MariiMercatoris
408 3585 583 3660 Auyustino
605 3585 744 3662 aequalis
763 3603 858 3662 opera
882 3603 1093 3662 quaecumque
1114 3591 1236 3654 entant,
1256 3585 1316 3643 hoc

88 3701 168 3760 opus
190 3681 316 3743 induas
331 3663 442 3761 partes
451 3683 588 3742 divisum
603 3687 663 3754 est,
675 3701 807 3760 quarum
831 3683 967 3743 secunda
992 3683 1212 3759 complectitur
1232 3681 1251 3739 7
1266 3682 1318 3741 dc-

90 3781 250 3840 ctissimas
275 3781 522 3843 dissertationes.
546 3781 763 3860 Distinguitur
778 3771 881 3844 autem
895 3801 914 3842 a
928 3781 1049 3842 Iuliano
1064 3780 1216 3842 Garneirc
1230 3781 1266 3841 0.
1282 3780 1314 3842 S.

93 3880 208 3939 Βοιιοά.
229 3895 356 3957 operum
378 3879 409 3939 S.
434 3877 546 3940 Basilii
567 3879 695 3940 editore.

149 3978 282 4040 laconas
303 3979 479 4040 Pharsalus
493 3979 526 4038 S.
542 3979 566 4038 I.
581 3976 615 4058 (†
630 3974 730 4058 1681).
751 3977 971 4056 Philosophiae
993 3978 1128 4056 primum
1150 3999 1186 4040 aa
1208 3979 1317 4039 deinde

92 4075 269 4152 theologiae
297 4074 464 4136 Professor
500 4075 533 4136 in
560 4075 729 4136 Academia
756 4079 895 4148 duacena
920 4078 1081 4156 egregiam
1106 4079 1197 4158 plane
1225 4083 1317 4155 atque
1436 4139 1439 4149 ,

91 4189 197 4234 raram
217 4175 372 4252 synopsim
392 4189 498 4234 marsus
518 4175 680 4251 theolopici
708 4175 838 4253 reliquit
858 4177 907 4236 ed.
931 4177 1031 4237 Duaci
1061 4178 1149 4240 1654.
1173 4177 1261 4239 1661.
1284 4177 1317 4236 in

93 4269 166 4344 iel,
181 4271 350 4350 diligenter
369 4273 563 4351 recognitam
577 4273 723 4335 alvariis
738 4273 770 4332 iu
785 4275 863 4334 locis
884 4275 1108 4353 locupletatam
1124 4275 1223 4335 Duaci
1239 4273 1317 4337 1680

92 4367 180 4429 1682.
215 4369 323 4430 Eidem
353 4371 544 4432 Franciscus
575 4373 611 4432 de
638 4372 902 4434 Fourmestreaux
932 4374 963 4434 S.
996 4376 1020 4435 Ι.
1050 4377 1170 4451 partem
1198 4377 1318 4450 postre-

92 4483 175 4527 mam
199 4473 231 4528 et
250 4467 449 4545 posthumam
469 4471 510 4530 dc·
527 4471 732 4532 sacramentis
753 4472 790 4530 ad
811 4476 944 4533 mentem
965 4471 1105 4533 auctoris
1126 4471 1316 4531 elaboratam

92 4569 124 4626 et
144 4565 178 4624 in
198 4566 306 4628 multis
327 4573 452 4632 auctam
468 4569 598 4630 addidit.
613 4570 716 4647 Ipsius
730 4569 824 4631 etiam
838 4576 886 4632 est
901 4589 978 4650 opus
994 4570 1181 4647 inscriptum
1203 4570 1316 4631 Aucto-
