3404 5360
408 424 487 485 ritas
506 433 615 486 canna
624 425 993 505 praedeterminationem
1003 429 1164 509 physicam
1173 447 1234 509 pro
1251 429 1384 492 66166116
1396 427 1523 491 media.
1538 425 1588 490 cf.
1601 429 1640 490 cl.

408 525 446 585 u.
466 525 587 588 6666
607 526 637 587 6.
661 527 687 586 1.
709 527 731 586 1.
755 545 783 586 6.
1023 513 1026 518 ’

470 624 682 690 6666666666
702 626 807 687 Luras
827 626 861 686 0.
880 625 912 686 S.
925 625 1004 688 Aac.
1025 625 1061 707 (†
1077 625 1177 707 1681).
1193 627 1269 688 Eius
1289 645 1389 705 opera
1412 626 1560 688 66116616
1574 641 1646 702 pro-

407 722 532 783 6166661
553 723 702 796 76661116,
724 740 856 800 quorum
870 723 889 782 6
903 723 1023 801 priores
1044 725 1134 785 Tomi
1156 725 1414 803 complectuntur
1438 725 1644 803 Synodorum

406 821 597 899 generalium
612 825 643 882 et
657 805 899 899 provincialium
912 825 1029 883 statuta
1043 827 1074 883 et
1088 841 1220 884 canones
1235 842 1306 884 cum
1319 823 1409 886 notis
1422 828 1458 886 et
1473 821 1644 884 historicis

407 919 678 980 dissertationibus
692 951 713 966 -
724 921 811 981 Tom.
828 921 857 979 7.
875 920 1093 998 complectitur
1113 921 1218 982 varias
1239 923 1277 982 66
1294 921 1493 1000 ephesinum
1516 924 1644 997 patrum

405 1017 573 1078 concilium
604 1018 751 1096 epistolas
782 1050 799 1064 -
831 1020 917 1079 Tam.
950 1019 995 1078 8.⁰
1022 1019 1201 1081 continetur
1227 1012 1374 1082 Divinam
1409 1035 1452 1078 aa
1485 1017 1646 1078 immobile

403 1114 436 1176 S.
459 1116 549 1176 Petri
567 1117 648 1195 App.
667 1117 820 1195 principis
837 1117 922 1176 circa
941 1118 1080 1178 omnium
1099 1117 1153 1176 sab
1171 1117 1251 1180 caela
1277 1116 1427 1198 fideliam
1458 1115 1508 1176 ad
1538 1130 1645 1173 roma

402 1215 562 1274 nemeina
589 1214 770 1275 cathedram
797 1215 1019 1292 appellationes
1049 1214 1196 1276 adversas
1219 1217 1376 1292 profanae
1401 1213 1506 1275 hodic
1533 1229 1643 1272 accam

402 1312 552 1372 novitates
567 1320 716 1374 assertam
725 1313 927 1390 privilegiam
941 1345 958 1357 -
972 1313 1060 1373 Tam.
1076 1314 1106 1374 9.
1122 1312 1251 1375 exhibet
1265 1312 1319 1374 lib.
1332 1313 1480 1373 Tertull.
1499 1311 1540 1372 de
1555 1327 1644 1388 prae·

308 1441 309 1444 6
405 1411 628 1488 scriptionibus
663 1417 773 1500 contra
801 1411 976 1471 haereticos
1008 1411 1138 1471 scholiis
1167 1412 1373 1474 illustratum.
1412 1412 1492 1472 Duo
1525 1409 1641 1485 reliqui

401 1508 478 1568 tomi
499 1510 663 1572 continent
683 1509 833 1588 opuscula
853 1509 1019 1586 posthuma
1039 1528 1117 1587 6666
1138 1527 1216 1570 6666
1230 1509 1268 1569 G.
1292 1509 1450 1573 Winants
1474 1509 1513 1568 in
1535 1507 1639 1568 lucem

400 1605 592 1682 prodierunt.
835 1613 838 1620 ’
1217 1665 1224 1673 ,

461 1706 596 1768 Ioannes
613 1701 774 1768 'Burmann
790 1705 984 1788 11616666ι
1000 1703 1101 1785 1683).
1113 1707 1200 1766 Inter
1213 1704 1370 1786 principes
1384 1705 1492 1764 huius
1515 1699 1638 1762 saeculi

400 1801 585 1865 canonistas
606 1805 828 1866 numerandus.
854 1805 931 1864 Eius
951 1821 1047 1882 opera
1066 1803 1200 1864 collecta
1226 1803 1412 1880 prodierunt
1435 1803 1504 1862 hoc
1527 1800 1634 1862 titulo:

402 1901 572 1962 Theatrum
591 1905 780 1964 ceritatis'et
798 1904 935 1964 institiae
949 1935 966 1948 -
980 1902 1096 1962 Sacrae
1108 1908 1196 1962 rotae
1208 1919 1287 1960 rom.
1310 1900 1459 1963 academ
1477 1899 1527 1961 ad
1543 1899 1636 1958 theat.

398 2001 486 2060 verit.
510 2008 540 2062 et
559 2003 628 2061 inst.
650 2033 667 2048 -
689 2004 809 2063 Harum
829 2000 1102 2061 elucubrationum
1123 2000 1222 2062 veluti
1243 1990 1364 2060 summa
1393 1999 1581 2060 exhibetur
1602 1996 1633 2054 in

398 2116 489 2176 opere
511 2099 617 2160 italice
638 2101 758 2178 scripto
777 2101 889 2159 norror
908 2099 1061 2175 calcaris.

453 2198 588 2260 1666666
621 2199 780 2260 Burmann
812 2199 1005 2260 (torumnuns
1033 2194 1218 2278 (06666666)
1248 2195 1285 2277 (t
1324 2193 1427 2276 1686).
1473 2192 1634 2272 Vulgavit

396 2294 453 2354 SS.
463 2301 595 2373 patrum
604 2298 659 2372 qai
669 2297 854 2374 temporibm
866 2296 1039 2374 apostolicis
1046 2296 1234 2372 floruerant,
1245 2295 1428 2369 Barnabae,
1445 2294 1631 2362 Clementis,

396 2394 543 2468 Hermae,
558 2394 689 2470 Ignatii,
704 2395 874 2474 Polycarpi
902 2412 998 2472 opera
1020 2393 1105 2454 calita
1124 2401 1154 2455 ct
1172 2393 1303 2467 inedita,
1323 2410 1398 2454 acra
1413 2400 1446 2454 et
1466 2393 1631 2472 sappesita

397 2509 488 2570 grece
509 2489 542 2552 et
560 2493 657 2578 latine
672 2511 743 2553 cum
756 2493 853 2567 notis,
868 2492 971 2552 Paris.
988 2491 1076 2568 1672,
1091 2492 1121 2552 2.
1137 2493 1207 2556 Vol.
1219 2493 1252 2552 in
1266 2491 1321 2552 iol.
1338 2492 1434 2553 editio
1454 2492 1628 2562 admodum

342 2601 344 2606 ·
399 2607 483 2664 6666;
506 2596 599 2653 66616
619 2591 703 2650 66116
734 2590 868 2650 aliorum
898 2591 1041 2652 virorum
1067 2592 1228 2652 doctorum
1258 2591 1411 2669 Antuerp.
1435 2591 1533 2655 1698.
1558 2590 1629 2652 Am·

396 2687 507 2747 stelod.
532 2687 609 2748 1724
630 2707 708 2764 6666
729 2690 776 2748 ed.
799 2689 934 2765 insignis
955 2693 1004 2750 661
1024 2688 1158 2764 61116666
1179 2689 1378 2766 locupletior.
1396 2721 1418 2736 -
1435 2686 1628 2753 Publicavit

395 2787 716 2862 praetereaEcclesiae
724 2803 834 2862 praece
842 2793 1043 2847 monumenta
1055 2787 1158 2848 tribus
1169 2788 1392 2864 comprehensa
1402 2787 1626 2850 voluminibus

395 2883 508 2959 quibus
529 2903 569 2945 ex
584 2885 652 2946 eius
668 2885 792 2945 schedis
806 2889 954 2962 quartum
968 2881 1109 2946 66166666
1118 2886 1257 2948 Μ666161
1268 2886 1456 2966 inscriptum
1467 2888 1626 2950 Analecta

392 2999 520 3057 praeca.

451 3083 642 3146 Burneianus
663 3084 804 3147 8666666
826 3086 904 3146 066.
933 3084 1012 3145 Μ16.
1035 3081 1083 3161 (fl.
1107 3080 1208 3162 1687).
1232 3082 1416 3160 Disputator
1442 3090 1624 3148 66616666

393 3178 516 3239 iniure
537 3201 605 3242 can.
638 3182 764 3262 egregie
794 3185 904 3244 doctus
935 3182 1033 3242 edidit
1063 3181 1201 3259 insignia
1222 3200 1317 3260 opera
1342 3183 1523 3244 cuiusmodi
1550 3184 1624 3242 sunt

390 3276 501 3337 Schola
515 3281 683 3356 theologiae
695 3281 902 3353 sectatorum
914 3281 1025 3340 Schola
1038 3280 1300 3342 controversiatica
1314 3297 1368 3342 666
1380 3280 1621 3344 controversiae

390 3374 556 3436 universae
576 3378 729 3437 adversus
751 3379 926 3438 haereticos
948 3395 1052 3437 omnes
1075 3383 1197 3439 veteres
1218 3384 1250 3440 61
1271 3395 1382 3453 661666
1395 3380 1513 3442 Schola
1528 3395 1620 3442 cano-

260 3503 264 3512 .
363 3469 463 3531 ¹n'ica
482 3489 536 3532 sea
558 3473 742 3536 universum
762 3476 812 3536 ius
834 3476 1019 3536 canonicum
1040 3494 1123 3536 nova
1142 3477 1285 3538 methodo
1306 3477 1481 3555 digestum3
1505 3476 1619 3540 Schola

386 3570 598 3648 philosophica
616 3575 822 3633 scotistarnm.

450 3669 565 3732 06666.
595 3672 718 3734 Iosnru.
748 3671 954 3734 ’1666666666
981 3673 1057 3735 Onu.
1087 3675 1178 3736 (tarr.
1207 3670 1254 3753 (fl.
1285 3691 1314 3734 6.
1345 3673 1447 3756 1687).
1476 3678 1542 3740 Ρ66
1570 3679 1616 3736 to·

389 3769 454 3826 tam
474 3769 574 3830 vitam
602 3770 762 3849 ingenium
791 3771 1040 3848 industriamque
1068 3790 1156 3833 suam
1184 3773 1223 3834 ad
1251 3772 1309 3832 hoc
1338 3791 1433 3834 uuum
1461 3771 1616 3853 impendit

390 3867 426 3924 ut
444 3865 616 3942 Augustini
645 3867 832 3930 sententiam
860 3869 897 3927 66
926 3870 1031 3946 gratia
1057 3874 1088 3931 61
1117 3869 1410 3948 praedestinatione,
1432 3891 1527 3949 quam
1549 3873 1615 3932 ian·

389 3961 511 4022 6661661
531 3965 606 4024 6666
627 3965 850 4042 obscurarunt,
874 3973 1092 4044 assequeretur
1112 3974 1143 4030 et
1164 3967 1350 4045 explicaret,
1372 3987 1433 4048 quo
1453 3971 1487 4030 in
1507 3967 1614 4032 studio

388 4060 476 4121 nulle
502 4061 601 4122 eidem
629 4064 763 4126 scientia
791 4086 848 4126 nec
876 4065 1011 4130 facultas
1040 4066 1152 4141 detuit,
1183 4067 1339 4144 nullisque
1366 4068 1611 4132 difficultatibus

388 4159 520 4220 territus
541 4159 646 4222 cessit.
671 4163 771 4240 Opera
793 4165 861 4224 eius
887 4170 961 4228 sunt
983 4167 1067 4246 Diap-
1090 4167 1179 4226 theol.
1201 4165 1238 4226 de
1256 4166 1540 4244 pracdamcaonc
1560 4167 1612 4226 ho·

387 4259 507 4330 minnm
531 4257 575 4319 ad
598 4259 747 4335 gloriam,
770 4261 803 4322 16
828 4281 890 4340 666
920 4265 1005 4326 61666
1034 4267 1265 4329 demonstratur
1291 4267 1378 4327 illam
1405 4286 1472 4328 esse
1494 4267 1610 4330 iactam

387 4361 458 4432 post
482 4357 629 4434 praevisa
655 4358 782 4428 merita,
806 4360 899 4436 idque
924 4363 1119 4440 potissimum
1144 4381 1184 4424 ex
1207 4364 1351 4427 doctrina
1371 4366 1556 4444 Augustini,
1577 4364 1610 4422 et

387 4453 638 4518 Bonaventurae.
660 4455 722 4538 (66.
743 4458 846 4518 Ρ6616.
863 4460 939 4522 1669
960 4462 993 4521 16
1014 4465 1056 4523 4.·
1076 4468 1105 4521 61
1123 4462 1163 4521 ib.
1188 4459 1291 4544 1673.)
1310 4495 1331 4510 -
1350 4463 1605 4543 Supplementnm

386 4552 652 4630 Anamtiniannm
662 4557 701 4618 ad
715 4555 978 4624 illustrandamet
991 4559 1233 4627 confirmandam
1247 4561 1426 4641 praedictae
1440 4560 1607 4642 praedesti·
