3404 5360
381 437 454 484 nan
484 411 1602 500 uudpolopiamprcsanctaetoecumcricaryuodossorastina;
1686 439 1687 450 ¹

380 520 564 582 Tractatum
584 518 624 580 da
641 515 940 596 commumoni,-
960 516 1134 576 crotionan
1152 515 1188 572 in
1207 531 1310 572 uuum
1327 514 1607 574 mnataraettri-

379 613 1280 696 nonupunnisltammpaittenentannruau
1305 611 1465 688 malaue
1491 611 1605 688 llapm

378 716 579 777 Constantini
598 731 785 775 manarum
810 713 857 774 de
867 711 988 774 mallio
1007 713 1095 772 urbis
1108 710 1472 787 Gonaaatinopolitoaae
1483 717 1516 770 ct
1531 709 1609 770 Tur-

375 831 489 876 carum
508 813 650 890 impu-ic.
1305 849 1319 862 .

434 913 623 974 demensus
642 911 809 972 Tomeros
827 908 862 986 (ἦ
883 905 976 986 1155)
995 908 1081 967 Adeo
1099 906 1254 966 excelluit
1274 905 1439 965 doctrinae
1458 904 1557 979 fama,
1567 909 1606 964 ut

376 1011 409 1072 iu
429 1009 498 1070 cius
520 1008 689 1085 sepulchro
710 1023 844 1083 sequens
864 1005 1070 1084 Epitaphium
1094 1003 1195 1066 fucrit
1217 1004 1356 1081 positum
1377 1023 1395 1058 s
1410 1004 1472 1063 Hic
1492 1007 1607 1079 stupor

374 1113 426 1168 est
444 1107 565 1178 muudi,
588 1105 644 1181 qui
666 1103 778 1166 scibile
807 1103 943 1164 discutit
967 1121 1057 1162 omne
1077 1125 1095 1158 »
1117 1102 1195 1162 Eius
1215 1116 1312 1178 opera
1331 1104 1407 1160 sunt
1430 1101 1605 1160 Commeat.

296 1217 303 1228 ’
373 1207 408 1264 in
431 1204 585 1276 Genesim
605 1204 639 1262 in
662 1202 825 1272 Emodum5
845 1203 879 1259 in
899 1201 1083 1271 timiam·
1097 1200 1132 1258 in
1151 1200 1203 1258 tit.
1226 1197 1449 1269 Numerumm3
1471 1201 1507 1256 in
1526 1200 1609 1260 Deu-

374 1309 472 1362 teron.
492 1302 528 1360 in
548 1301 647 1372 Ionem
666 1301 702 1358 in
721 1299 865 1359 Indicum
885 1305 915 1358 ct
934 1297 1399 1371 Ruth,ial.tit.1uaam‚in
1412 1296 1452 1355 ΙΙ.
1467 1298 1605 1371 Maura,

372 1399 407 1457 u
429 1397 486 1458 ιιι.
507 1399 643 1472 mium,
663 1398 698 1456 u
719 1395 778 1456 rr.
799 1397 944 1471 asyam·
963 1395 998 1452 u
1019 1395 1070 1452 za.
1097 1394 1432 1470 ratesponensi
1458 1393 1609 1469 amnue-
1689 1375 1690 1390 ¹

374 1495 452 1554 unm
470 1495 505 1556 S.
527 1494 644 1556 Mane.
666 1527 685 1539 -
713 1493 808 1553 Dedit
839 1497 1002 1569 praeterea
1031 1491 1123 1552 varia
1150 1491 1309 1567 Opuscula
1331 1491 1391 1550 sub
1418 1490 1528 1550 titulis
1559 1509 1608 1550 sc·

373 1593 543 1670 quentibus
563 1593 773 1670 defensoriam
792 1595 891 1650 trium
912 1591 1163 1660 Conclusienum·
1183 1589 1222 1649 dc
1235 1591 1372 1667 pampica
1383 1592 1536 1670 paurum
1543 1607 1608 1667 pa·

373 1690 516 1764 rodonia
547 1692 666 1752 libellus
694 1689 732 1750 de
760 1689 852 1750 Senta
885 1688 1038 1750 Trinitate
1058 1721 1077 1734 -
1106 1689 1158 1746 tit.
1188 1690 1223 1746 in
1255 1689 1335 1748 illud
1355 1709 1373 1744 e
1394 1691 1477 1750 Ecce
1503 1688 1607 1766 Virgo
1690 1739 1691 1742 ,

374 1789 533 1867 concipiet
552 1813 569 1846 »
592 1789 727 1850 libellus
746 1795 858 1848 contra
876 1786 1060 1846 Sacerdotes
1075 1787 1214 1863 pthiicos
1226 1787 1609 1860 mambinarios51ibellm

375 1884 414 1946 de
432 1893 518 1946 statu
537 1887 721 1948 animarum
736 1892 809 1964 post
830 1891 977 1956 mortum·
997 1884 1115 1944 libellus
1133 1883 1172 1944 de
1191 1886 1312 1961 optima
1326 1886 1452 1963 politia.
1470 1887 1608 1964 -Opera

375 1984 480 2044 omnia
500 1985 627 2046 Tostati
649 1985 767 2045 edenda
787 1983 917 2044 curavit
937 1983 1030 2042 Oard.
1052 1982 1201 2044 Ximeues
1232 1997 1284 2042 an.
1308 1982 1398 2044 1507.
1417 1987 1532 2047 Venct.
1555 1984 1606 2046 13.
1691 2035 1692 2038 ,

375 2082 465 2142 Tem.
487 2082 521 2142 in
541 2081 597 2144 iol.
620 2081 728 2142 Editio
758 2080 934 2142 novissima
962 2080 1085 2156 pariter
1104 2080 1227 2140 Veneta
1246 2099 1298 2140 au.
1322 2079 1401 2142 1728
1422 2082 1608 2142 absolvitur

375 2176 427 2238 27.
450 2179 556 2239 Tomis
578 2179 612 2238 in
634 2177 692 2238 iol.
714 2195 848 2253 querum
870 2177 990 2254 viginti
1011 2181 1148 2253 quatuor
1168 2178 1505 2254 complectunturcius
1519 2181 1609 2240 Gom·

376 2276 534 2336 menteris
563 2275 597 2334 iu
628 2276 825 2352 Scripturas,
858 2275 974 2335 ceteris
1005 2292 1082 2334 vero
1112 2275 1216 2334 tribus
1247 2275 1372 2352 reliqua
1401 2277 1608 2338 continentur
1692 2279 1693 2324 l

379 2373 511 2450 scripta.
1238 2421 1248 2442 t

438 2471 471 2532 S.
494 2471 700 2534 haemulus
719 2472 897 2533 Iosrrnnnr
918 2469 1000 2550 (nat.
1021 2487 1041 2530 e
1062 2469 1151 2532 1381.
1177 2473 1200 2547 †
1222 2469 1324 2551 1455).
1346 2473 1442 2532 Abeo
1462 2474 1618 2550 prodiere.

379 2587 475 2646 opera
496 2569 652 2648 inscripta
671 2570 810 2644 lipnum
830 2569 925 2640 ritca·
948 2567 985 2627 ae
1006 2567 1172 2645 disciplina
1185 2571 1386 2647 etspiritaali
1398 2574 1608 2648 perfectivam

380 2669 418 2730 dc
438 2675 520 2730 casto
540 2669 690 2730 connubio
714 2668 805 2728 Verbi
824 2674 855 2726 et
873 2668 1012 2739 animae·
1031 2669 1200 2743 smciculus
1217 2671 1347 2742 amoris,-
1368 2670 1610 2749 detriumphati

380 2783 480 2844 aeone
502 2765 631 2838 Chresti
652 2765 690 2826 dc
712 2765 856 2826 interiori
876 2764 1034 2840 conflictu·
1055 2765 1093 2826 de
1113 2767 1310 2844 complanctu
1329 2769 1517 2854 christianae
1532 2789 1610 2848 per-

379 2865 533 2943 fectionis·
553 2865 717 2925 Sermones
737 2864 775 2924 de
793 2865 880 2940 sestis
901 2864 1025 2935 Christi,
1045 2865 1199 2941 Deiparac
1219 2873 1250 2926 et
1265 2867 1469 2939 Sanctorum·
1483 2868 1522 2929 de
1541 2870 1609 2928 vita

379 2964 535 3037 solitarum
556 2963 594 3024 ae
614 2969 792 3040 contemptu
811 2961 936 3035 mundi·
951 2961 988 3022 de
1001 2963 1160 3041 spirituali
1172 2965 1304 3024 interitu
1316 2967 1455 3035 animam
1470 2966 1509 3026 de
1529 2968 1611 3027 eius-

379 3061 450 3124 dcm
479 3062 703 3124 rerurrectione
730 3061 889 3138 spirituali
909 3078 990 3137 quae
1005 3078 1066 3138 per
1094 3061 1298 3122 mediatorem
1321 3065 1377 3123 Dei
1397 3071 1428 3124 et
1446 3065 1608 3124 hominum

382 3161 540 3221 Christum
560 3160 660 3222 lesum
680 3161 719 3238 fit
736 3161 847 3235 pratia
867 3161 962 3236 ipsius
980 3160 1196 3237 multipliciter
1220 3169 1379 3238 operantu
1401 3161 1439 3221 dc
1452 3164 1607 3239 repiminc

381 3265 410 3318 et
429 3259 621 3318 institutione
642 3257 864 3318 Praetatorum
875 3277 886 3326 ,·
908 3256 946 3316 ote
974 3257 1158 3330 obedientia,
1190 3258 1228 3318 otc
1258 3259 1446 3333 hnmilitate,
1470 3259 1507 3320 de
1531 3279 1608 3337 pra-

383 3354 471 3413 attus
486 3355 688 3432 perfectionis
708 3387 725 3399 -
747 3354 907 3430 Epistolae
930 3355 1049 3413 variae.
1065 3385 1083 3400 -
1098 3356 1176 3414 Eius
1191 3374 1284 3432 opera
1298 3357 1330 3414 iu
1350 3374 1445 3417 unum
1467 3360 1607 3419 collecta

382 3450 567 3530 prodierunt
588 3451 731 3511 Basileee
752 3471 802 3511 an.
826 3451 917 3520 1560,
939 3450 1085 3528 Lugduni
1107 3471 1157 3512 an.
1177 3452 1266 3526 1568,
1282 3456 1425 3517 Venetiis
1439 3476 1497 3516 an.
1515 3457 1605 3530 1606,

385 3548 532 3610 Coloniae
554 3567 605 3610 en.
630 3549 719 3620 1606,
743 3549 857 3610 iterum
879 3550 1026 3626 Lugduni
1047 3569 1097 3610 an.
1123 3549 1206 3611 1628‘
1220 3555 1253 3610 et
1272 3554 1385 3614 Venet.
1407 3573 1458 3614 en.
1476 3553 1563 3614 1751.

441 3647 628 3710 Aornoasus
649 3648 745 3708 Sume
766 3649 843 3710 Ono.
865 3648 943 3708 Mun.
965 3646 1071 3727 (1450)
1093 3648 1179 3708 dedit
1197 3649 1361 3710 Sermones
1374 3651 1411 3711 dc
1426 3655 1606 3714 uenientia

382 3745 520 3805 nominis
540 3745 623 3818 Iesu,
646 3763 724 3822 quos
745 3745 912 3823 inscripsit
934 3765 951 3802 a
971 3746 1176 3806 Fortalitium
1198 3747 1270 3806 fidei
1291 3771 1308 3806 »
1330 3755 1442 3812 eontra
1461 3754 1605 3824 Iudaeos,

383 3839 632 3915 Mehumetanos,
654 3843 795 3920 aliosque
816 3843 1011 3904 christianae
1033 3844 1104 3904 fidei
1126 3845 1283 3906 inimicos.

442 3939 574 4002 Ilionae
594 3942 754 4003 Panarrus
774 3943 851 4004 Onu.
874 3942 956 4004 Aac.
978 3941 1024 4020 (fl.
1047 3959 1098 4002 an.
1131 3942 1221 4022 1468)
1248 3944 1355 4005 Edidit
1376 3947 1550 4008 Comment.
1572 3952 1606 4009 in

383 4036 523 4098 Psalmos
543 4043 572 4095 et
591 4037 626 4094 in
648 4038 767 4098 Cantic.
791 4040 993 4100 Oanticorum
1013 4045 1047 4102 et
1071 4042 1255 4102 Tractatum
1276 4041 1314 4102 de
1335 4045 1455 4106 Chrr'sto
1476 4063 1607 4124 repara-

381 4141 487 4195 ratore
507 4140 618 4194 contra
639 4133 777 4195 ludaeos.

442 4235 536 4294 Oeno.
558 4234 644 4294 loia.
669 4235 921 4298 Tunnucnnnlrl
942 4237 982 4318 (ff
1002 4235 1092 4317 1468)
1112 4239 1213 4314 Opera
1228 4239 1296 4300 eius
1318 4246 1395 4301 sunt
1416 4243 1549 4303 Summa
1570 4244 1607 4303 de

383 4331 520 4392 Ecclesia
540 4337 570 4392 et
590 4331 653 4397 eius
670 4333 856 4393 auctoritate
877 4335 963 4394 Libb.
985 4334 1018 4394 4.
1040 4367 1059 4380 -
1079 4335 1116 4394 In
1136 4338 1298 4398 Decretum
1314 4338 1464 4399 Gratiani
1485 4343 1603 4401 Oomm.

383 4429 449 4488 LL.
471 4430 507 4501 5,·
528 4430 564 4490 de
585 4427 751 4490 Pontificio
773 4429 907 4490 Maximi
928 4433 1123 4508 conciliique
1138 4437 1329 4497 auctoritate
1345 4437 1388 4495 ad
1400 4440 1606 4500 Basiteenscm

387 4525 551 4588 Oratorem
577 4527 743 4606 responsio,·
770 4525 940 4588 Comment.
963 4531 997 4588 in
1016 4532 1207 4592 Psaiterium
1225 4534 1366 4606 Duritia
1386 4535 1549 4598 Sermones
1568 4538 1606 4598 de
