<?xml version="1.0" encoding="UTF-8"?>
<!DOCTYPE html PUBLIC "-//W3C//DTD XHTML 1.0 Transitional//EN"
    "http://www.w3.org/TR/xhtml1/DTD/xhtml1-transitional.dtd">
<html xmlns="http://www.w3.org/1999/xhtml" xml:lang="en" lang="en">
 <head>
  <title>
</title>
<meta http-equiv="Content-Type" content="text/html;charset=utf-8" />
  <meta name='ocr-system' content='tesseract 3.04.00' />
  <meta name='ocr-capabilities' content='ocr_page ocr_carea ocr_par ocr_line ocrx_word'/>
</head>
<body>
  <div class='ocr_page' id='page_1' title='image "./enchiridionadsa00natgoog_0110.png"; bbox 0 0 3404 5360; ppageno 0'>
   <div class='ocr_carea' id='block_1_1' title="bbox 99 301 1400 4611">
    <p class='ocr_par' dir='ltr' id='par_1_1' title="bbox 632 301 811 362">
     <span class='ocr_line' id='line_1_1' title="bbox 632 301 811 362; baseline 0 -1"><span class='ocrx_word' id='word_1_1' title='bbox 632 333 668 348; x_wconf 93' lang='lat'>-</span> <span class='ocrx_word' id='word_1_2' title='bbox 692 301 750 362; x_wconf 89' lang='grc'><strong>107</strong></span> <span class='ocrx_word' id='word_1_3' title='bbox 770 333 811 350; x_wconf 89' lang='grc'>-</span> 
     </span>
    </p>

    <p class='ocr_par' dir='ltr' id='par_1_2' title="bbox 99 394 1337 1066">
     <span class='ocr_line' id='line_1_2' title="bbox 102 394 1335 476; baseline 0.011 -24"><span class='ocrx_word' id='word_1_4' title='bbox 102 395 164 452; x_wconf 92' lang='lat' dir='ltr'><strong>lib.</strong></span> <span class='ocrx_word' id='word_1_5' title='bbox 179 395 320 454; x_wconf 73' lang='lat' dir='ltr'><strong>ostendit</strong></span> <span class='ocrx_word' id='word_1_6' title='bbox 331 394 552 458; x_wconf 87' lang='lat' dir='ltr'><strong>Immaculatae</strong></span> <span class='ocrx_word' id='word_1_7' title='bbox 568 399 767 476; x_wconf 82' lang='lat' dir='ltr'><strong>Conceptiom&#39;</strong></span> <span class='ocrx_word' id='word_1_8' title='bbox 777 402 815 460; x_wconf 89' lang='lat' dir='ltr'><strong>B.</strong></span> <span class='ocrx_word' id='word_1_9' title='bbox 834 401 867 460; x_wconf 91' lang='lat' dir='ltr'><strong>V.</strong></span> <span class='ocrx_word' id='word_1_10' title='bbox 880 417 943 476; x_wconf 86' lang='lat' dir='ltr'><strong>non</strong></span> <span class='ocrx_word' id='word_1_11' title='bbox 957 401 1120 462; x_wconf 86' lang='lat' dir='ltr'><strong>aduersari</strong></span> <span class='ocrx_word' id='word_1_12' title='bbox 1129 404 1192 462; x_wconf 87' lang='lat' dir='ltr'><strong>eius</strong></span> <span class='ocrx_word' id='word_1_13' title='bbox 1202 410 1335 464; x_wconf 88' lang='lat' dir='ltr'><strong>mortem</strong></span> 
     </span>
     <span class='ocr_line' id='line_1_3' title="bbox 101 493 1337 578; baseline 0.006 -26"><span class='ocrx_word' id='word_1_14' title='bbox 101 495 323 570; x_wconf 66' lang='lat' dir='ltr'><strong>corporalem</strong></span> <span class='ocrx_word' id='word_1_15' title='bbox 331 493 369 554; x_wconf 87' lang='lat' dir='ltr'><strong>de</strong></span> <span class='ocrx_word' id='word_1_16' title='bbox 380 495 518 570; x_wconf 80' lang='lat' dir='ltr'><strong>Virpinis</strong></span> <span class='ocrx_word' id='word_1_17' title='bbox 528 497 697 574; x_wconf 86' lang='lat' dir='ltr'><strong>baptismo;</strong></span> <span class='ocrx_word' id='word_1_18' title='bbox 710 497 747 558; x_wconf 91' lang='lat' dir='ltr'><strong>de</strong></span> <span class='ocrx_word' id='word_1_19' title='bbox 758 497 966 576; x_wconf 88' lang='lat' dir='ltr'><strong>redemptione</strong></span> <span class='ocrx_word' id='word_1_20' title='bbox 976 501 1128 578; x_wconf 75' lang='lat' dir='ltr'><strong>Desperae</strong></span> <span class='ocrx_word' id='word_1_21' title='bbox 1137 517 1255 578; x_wconf 88' lang='lat' dir='ltr'><strong>semper</strong></span> <span class='ocrx_word' id='word_1_22' title='bbox 1269 503 1337 563; x_wconf 88' lang='lat' dir='ltr'><strong>Vir-</strong></span> 
     </span>
     <span class='ocr_line' id='line_1_4' title="bbox 99 593 1333 676; baseline 0.007 -26"><span class='ocrx_word' id='word_1_23' title='bbox 99 593 209 666; x_wconf 75' lang='lat' dir='ltr'><strong>piais;</strong></span> <span class='ocrx_word' id='word_1_24' title='bbox 222 594 448 654; x_wconf 87' lang='lat' dir='ltr'><strong>commentaria</strong></span> <span class='ocrx_word' id='word_1_25' title='bbox 461 593 504 654; x_wconf 89' lang='lat' dir='ltr'><strong>ad</strong></span> <span class='ocrx_word' id='word_1_26' title='bbox 517 595 626 666; x_wconf 85' lang='lat' dir='ltr'><strong>eitam,</strong></span> <span class='ocrx_word' id='word_1_27' title='bbox 646 603 676 656; x_wconf 92' lang='lat' dir='ltr'><strong>et</strong></span> <span class='ocrx_word' id='word_1_28' title='bbox 693 597 879 674; x_wconf 84' lang='lat' dir='ltr'><strong>opusculaS.</strong></span> <span class='ocrx_word' id='word_1_29' title='bbox 892 598 1030 658; x_wconf 85' lang='lat' dir='ltr'><strong>Anselmi</strong></span> <span class='ocrx_word' id='word_1_30' title='bbox 1040 599 1128 676; x_wconf 87' lang='lat' dir='ltr'><strong>Epis.</strong></span> <span class='ocrx_word' id='word_1_31' title='bbox 1144 599 1297 660; x_wconf 60' lang='lat' dir='ltr'><strong>mensa.</strong></span> <span class='ocrx_word' id='word_1_32' title='bbox 1313 631 1333 646; x_wconf 93' lang='lat'>-</span> 
     </span>
     <span class='ocr_line' id='line_1_5' title="bbox 99 691 1335 770; baseline 0.006 -22"><span class='ocrx_word' id='word_1_33' title='bbox 99 691 255 766; x_wconf 83' lang='lat' dir='ltr'><strong>opuscula</strong></span> <span class='ocrx_word' id='word_1_34' title='bbox 268 691 302 749; x_wconf 83' lang='lat' dir='ltr'><strong>S.</strong></span> <span class='ocrx_word' id='word_1_35' title='bbox 324 692 487 752; x_wconf 84' lang='lat' dir='ltr'><strong>Francisei</strong></span> <span class='ocrx_word' id='word_1_36' title='bbox 501 709 572 752; x_wconf 90' lang='lat' dir='ltr'><strong>cum</strong></span> <span class='ocrx_word' id='word_1_37' title='bbox 595 695 843 755; x_wconf 88' lang='lat' dir='ltr'><strong>commentariis:</strong></span> <span class='ocrx_word' id='word_1_38' title='bbox 856 695 969 770; x_wconf 80' lang='lat' dir='ltr'><strong>Ampeli</strong></span> <span class='ocrx_word' id='word_1_39' title='bbox 979 695 1028 756; x_wconf 92' lang='lat' dir='ltr'><strong>del</strong></span> <span class='ocrx_word' id='word_1_40' title='bbox 1038 697 1335 757; x_wconf 90' lang='lat' dir='ltr'><strong>Pascommeataria</strong></span> 
     </span>
     <span class='ocr_line' id='line_1_6' title="bbox 100 789 1336 870; baseline 0.006 -24"><span class='ocrx_word' id='word_1_41' title='bbox 100 790 137 846; x_wconf 83' lang='lat' dir='ltr'><strong>ia</strong></span> <span class='ocrx_word' id='word_1_42' title='bbox 159 789 310 848; x_wconf 82' lang='lat' dir='ltr'><strong>Marcam</strong></span> <span class='ocrx_word' id='word_1_43' title='bbox 324 797 353 850; x_wconf 91' lang='lat' dir='ltr'><strong>et</strong></span> <span class='ocrx_word' id='word_1_44' title='bbox 366 792 399 850; x_wconf 88' lang='lat' dir='ltr'><strong>ia</strong></span> <span class='ocrx_word' id='word_1_45' title='bbox 413 791 517 851; x_wconf 86' lang='lat' dir='ltr'><strong>Lucae</strong></span> <span class='ocrx_word' id='word_1_46' title='bbox 530 794 725 867; x_wconf 77' lang='lat' dir='ltr'><strong>eoanpelium</strong></span> <span class='ocrx_word' id='word_1_47' title='bbox 744 793 808 853; x_wconf 90' lang='lat' dir='ltr'><strong>Vol.</strong></span> <span class='ocrx_word' id='word_1_48' title='bbox 830 794 863 852; x_wconf 82' lang='lat'><strong>2.</strong></span> <span class='ocrx_word' id='word_1_49' title='bbox 886 795 1011 856; x_wconf 87' lang='lat' dir='ltr'><strong>Novam</strong></span> <span class='ocrx_word' id='word_1_50' title='bbox 1032 797 1195 870; x_wconf 83' lang='lat' dir='ltr'><strong>praeterea</strong></span> <span class='ocrx_word' id='word_1_51' title='bbox 1210 795 1336 857; x_wconf 87' lang='lat' dir='ltr'><strong>curavit</strong></span> 
     </span>
     <span class='ocr_line' id='line_1_7' title="bbox 102 888 1337 964; baseline 0.002 -16"><span class='ocrx_word' id='word_1_52' title='bbox 102 889 196 948; x_wconf 90' lang='lat' dir='ltr'><strong>Scoti</strong></span> <span class='ocrx_word' id='word_1_53' title='bbox 217 888 397 961; x_wconf 74' lang='lat' dir='ltr'>editionem,</span> <span class='ocrx_word' id='word_1_54' title='bbox 420 889 473 949; x_wconf 89' lang='lat' dir='ltr'><strong>eui</strong></span> <span class='ocrx_word' id='word_1_55' title='bbox 498 890 618 950; x_wconf 79' lang='lat' dir='ltr'><strong>addidit</strong></span> <span class='ocrx_word' id='word_1_56' title='bbox 643 891 789 952; x_wconf 87' lang='lat' dir='ltr'><strong>Doctoris</strong></span> <span class='ocrx_word' id='word_1_57' title='bbox 820 891 947 952; x_wconf 91' lang='lat' dir='ltr'><strong>subtilis</strong></span> <span class='ocrx_word' id='word_1_58' title='bbox 969 892 1081 964; x_wconf 85' lang='lat' dir='ltr'><strong>vitam,</strong></span> <span class='ocrx_word' id='word_1_59' title='bbox 1106 911 1142 952; x_wconf 87' lang='lat' dir='ltr'><strong>ac</strong></span> <span class='ocrx_word' id='word_1_60' title='bbox 1165 911 1239 952; x_wconf 90' lang='lat' dir='ltr'><strong>suas</strong></span> <span class='ocrx_word' id='word_1_61' title='bbox 1261 892 1337 952; x_wconf 88' lang='lat' dir='ltr'><strong>alio·</strong></span> 
     </span>
     <span class='ocr_line' id='line_1_8' title="bbox 102 988 1130 1066; baseline 0.005 -21"><span class='ocrx_word' id='word_1_62' title='bbox 102 1004 239 1064; x_wconf 87' lang='lat' dir='ltr'><strong>rumque</strong></span> <span class='ocrx_word' id='word_1_63' title='bbox 261 988 433 1048; x_wconf 78' lang='lat' dir='ltr'>Doctorum</span> <span class='ocrx_word' id='word_1_64' title='bbox 455 993 546 1048; x_wconf 87' lang='lat' dir='ltr'><strong>notas</strong></span> <span class='ocrx_word' id='word_1_65' title='bbox 567 995 600 1048; x_wconf 88' lang='lat' dir='ltr'><strong>et</strong></span> <span class='ocrx_word' id='word_1_66' title='bbox 621 1007 770 1050; x_wconf 87' lang='lat' dir='ltr'><strong>censuras</strong></span> <span class='ocrx_word' id='word_1_67' title='bbox 792 990 831 1050; x_wconf 89' lang='lat' dir='ltr'><strong>ad</strong></span> <span class='ocrx_word' id='word_1_68' title='bbox 851 990 994 1066; x_wconf 85' lang='lat' dir='ltr'><strong>singulos</strong></span> <span class='ocrx_word' id='word_1_69' title='bbox 1018 990 1130 1050; x_wconf 85' lang='lat' dir='ltr'><strong>libros.</strong></span> 
     </span>
    </p>

    <p class='ocr_par' dir='ltr' id='par_1_3' title="bbox 102 1086 1336 1834">
     <span class='ocr_line' id='line_1_9' title="bbox 163 1086 1336 1166; baseline 0.003 -21"><span class='ocrx_word' id='word_1_70' title='bbox 163 1086 302 1146; x_wconf 82' lang='lat' dir='ltr'><strong>loauuss</strong></span> <span class='ocrx_word' id='word_1_71' title='bbox 323 1087 477 1148; x_wconf 81' lang='lat' dir='ltr'><strong>Eussarus</strong></span> <span class='ocrx_word' id='word_1_72' title='bbox 496 1087 704 1150; x_wconf 81' lang='lat' dir='ltr'><strong>Nruusuasus</strong></span> <span class='ocrx_word' id='word_1_73' title='bbox 729 1087 760 1148; x_wconf 87' lang='lat' dir='ltr'><strong>S.</strong></span> <span class='ocrx_word' id='word_1_74' title='bbox 784 1086 861 1165; x_wconf 77' lang='lat'><strong>1.(†</strong></span> <span class='ocrx_word' id='word_1_75' title='bbox 879 1086 981 1166; x_wconf 84' lang='grc'><strong>1658).</strong></span> <span class='ocrx_word' id='word_1_76' title='bbox 1003 1087 1225 1148; x_wconf 73' lang='lat' dir='ltr'><strong>celebritatem</strong></span> <span class='ocrx_word' id='word_1_77' title='bbox 1246 1087 1336 1148; x_wconf 88' lang='lat' dir='ltr'><strong>iunu-</strong></span> 
     </span>
     <span class='ocr_line' id='line_1_10' title="bbox 102 1183 1334 1263; baseline 0.004 -22"><span class='ocrx_word' id='word_1_78' title='bbox 102 1183 203 1242; x_wconf 89' lang='lat' dir='ltr'><strong>meris</strong></span> <span class='ocrx_word' id='word_1_79' title='bbox 234 1183 382 1244; x_wconf 78' lang='lat' dir='ltr'><strong>asceticis</strong></span> <span class='ocrx_word' id='word_1_80' title='bbox 414 1184 577 1260; x_wconf 90' lang='lat' dir='ltr'><strong>doctisque</strong></span> <span class='ocrx_word' id='word_1_81' title='bbox 603 1184 697 1244; x_wconf 89' lang='lat' dir='ltr'><strong>libris</strong></span> <span class='ocrx_word' id='word_1_82' title='bbox 731 1190 900 1260; x_wconf 83' lang='lat' dir='ltr'><strong>assequtus</strong></span> <span class='ocrx_word' id='word_1_83' title='bbox 929 1188 978 1244; x_wconf 91' lang='lat' dir='ltr'><strong>est</strong></span> <span class='ocrx_word' id='word_1_84' title='bbox 1009 1201 1143 1260; x_wconf 91' lang='lat' dir='ltr'><strong>quorum</strong></span> <span class='ocrx_word' id='word_1_85' title='bbox 1173 1185 1334 1263; x_wconf 79' lang='lat' dir='ltr'><strong>praecipui</strong></span> 
     </span>
     <span class='ocr_line' id='line_1_11' title="bbox 102 1281 1332 1362; baseline 0.002 -23"><span class='ocrx_word' id='word_1_86' title='bbox 102 1285 182 1340; x_wconf 89' lang='lat' dir='ltr'><strong>sunt</strong></span> <span class='ocrx_word' id='word_1_87' title='bbox 202 1283 259 1340; x_wconf 89' lang='lat' dir='ltr'><strong>Del</strong></span> <span class='ocrx_word' id='word_1_88' title='bbox 278 1283 399 1358; x_wconf 87' lang='lat' dir='ltr'><strong>aprecio</strong></span> <span class='ocrx_word' id='word_1_89' title='bbox 417 1301 438 1359; x_wconf 82' lang='lat' dir='ltr'><strong>q</strong></span> <span class='ocrx_word' id='word_1_90' title='bbox 459 1282 567 1342; x_wconf 88' lang='lat' dir='ltr'><strong>estima</strong></span> <span class='ocrx_word' id='word_1_91' title='bbox 586 1281 623 1342; x_wconf 92' lang='lat' dir='ltr'><strong>de</strong></span> <span class='ocrx_word' id='word_1_92' title='bbox 643 1282 675 1342; x_wconf 90' lang='lat' dir='ltr'><strong>la</strong></span> <span class='ocrx_word' id='word_1_93' title='bbox 696 1281 803 1342; x_wconf 86' lang='lat' dir='ltr'><strong>divina</strong></span> <span class='ocrx_word' id='word_1_94' title='bbox 825 1283 937 1357; x_wconf 77' lang='lat' dir='ltr'><strong>praeta</strong></span> <span class='ocrx_word' id='word_1_95' title='bbox 948 1303 960 1354; x_wconf 89' lang='lat'><em>;</em></span> <span class='ocrx_word' id='word_1_96' title='bbox 981 1282 1019 1342; x_wconf 88' lang='lat' dir='ltr'><strong>de</strong></span> <span class='ocrx_word' id='word_1_97' title='bbox 1033 1283 1155 1358; x_wconf 77' lang='lat' dir='ltr'><strong>criptae</strong></span> <span class='ocrx_word' id='word_1_98' title='bbox 1170 1283 1203 1342; x_wconf 83' lang='lat' dir='ltr'><strong>S.</strong></span> <span class='ocrx_word' id='word_1_99' title='bbox 1227 1283 1332 1362; x_wconf 82' lang='lat' dir='ltr'><strong>Scrip-</strong></span> 
     </span>
     <span class='ocr_line' id='line_1_12' title="bbox 103 1380 1334 1460; baseline 0.003 -24"><span class='ocrx_word' id='word_1_100' title='bbox 103 1380 340 1452; x_wconf 80' lang='lat' dir='ltr'><strong>taraelib.12;</strong></span> <span class='ocrx_word' id='word_1_101' title='bbox 356 1380 393 1440; x_wconf 89' lang='lat' dir='ltr'><strong>de</strong></span> <span class='ocrx_word' id='word_1_102' title='bbox 409 1386 558 1460; x_wconf 77' lang='lat' dir='ltr'><strong>perpetuo</strong></span> <span class='ocrx_word' id='word_1_103' title='bbox 579 1380 692 1440; x_wconf 89' lang='lat' dir='ltr'><strong>obiecto</strong></span> <span class='ocrx_word' id='word_1_104' title='bbox 704 1381 780 1454; x_wconf 78' lang='lat' dir='ltr'><strong>festi</strong></span> <span class='ocrx_word' id='word_1_105' title='bbox 791 1381 1018 1442; x_wconf 77' lang='lat' dir='ltr'><strong>immaculatae</strong></span> <span class='ocrx_word' id='word_1_106' title='bbox 1038 1382 1248 1460; x_wconf 81' lang='lat' dir='ltr'><strong>Conceptionis</strong></span> <span class='ocrx_word' id='word_1_107' title='bbox 1266 1382 1334 1442; x_wconf 90' lang='lat' dir='ltr'><strong>Vir·</strong></span> 
     </span>
     <span class='ocr_line' id='line_1_13' title="bbox 103 1475 1334 1556; baseline 0.002 -20"><span class='ocrx_word' id='word_1_108' title='bbox 103 1478 264 1552; x_wconf 73' lang='lat' dir='ltr'><strong>piai&#39;scui</strong></span> <span class='ocrx_word' id='word_1_109' title='bbox 285 1479 439 1542; x_wconf 87' lang='lat' dir='ltr'><strong>accedunt</strong></span> <span class='ocrx_word' id='word_1_110' title='bbox 466 1479 551 1554; x_wconf 81' lang='lat' dir='ltr'><strong>epist.</strong></span> <span class='ocrx_word' id='word_1_111' title='bbox 574 1484 604 1537; x_wconf 91' lang='lat' dir='ltr'><strong>et</strong></span> <span class='ocrx_word' id='word_1_112' title='bbox 629 1477 879 1551; x_wconf 54' lang='lat' dir='ltr'><strong>dissertationem</strong></span> <span class='ocrx_word' id='word_1_113' title='bbox 897 1475 1032 1540; x_wconf 84' lang='lat' dir='ltr'><strong>Theoria</strong></span> <span class='ocrx_word' id='word_1_114' title='bbox 1059 1479 1275 1556; x_wconf 87' lang='lat' dir='ltr'><strong>compendiosa</strong></span> <span class='ocrx_word' id='word_1_115' title='bbox 1297 1479 1334 1540; x_wconf 92' lang='lat' dir='ltr'><strong>de</strong></span> 
     </span>
     <span class='ocr_line' id='line_1_14' title="bbox 103 1569 1333 1653; baseline 0.002 -20"><span class='ocrx_word' id='word_1_116' title='bbox 103 1576 205 1635; x_wconf 89' lang='lat' dir='ltr'><strong>solida</strong></span> <span class='ocrx_word' id='word_1_117' title='bbox 226 1577 356 1636; x_wconf 85' lang='lat' dir='ltr'><strong>veritate</strong></span> <span class='ocrx_word' id='word_1_118' title='bbox 378 1577 547 1652; x_wconf 83' lang='lat' dir='ltr'><strong>Conceptae</strong></span> <span class='ocrx_word' id='word_1_119' title='bbox 560 1569 715 1652; x_wconf 84' lang='lat' dir='ltr'><strong>Deipar&#39;ae</strong></span> <span class='ocrx_word' id='word_1_120' title='bbox 735 1578 848 1653; x_wconf 89' lang='lat' dir='ltr'><strong>absque</strong></span> <span class='ocrx_word' id='word_1_121' title='bbox 869 1579 935 1638; x_wconf 88' lang='lat' dir='ltr'><strong>labe</strong></span> <span class='ocrx_word' id='word_1_122' title='bbox 956 1579 1106 1653; x_wconf 77' lang='lat' dir='ltr'><strong>oripinali</strong></span> <span class='ocrx_word' id='word_1_123' title='bbox 1120 1595 1159 1638; x_wconf 84' lang='lat' dir='ltr'><strong>eac</strong></span> <span class='ocrx_word' id='word_1_124' title='bbox 1179 1579 1333 1640; x_wconf 87' lang='lat' dir='ltr'><strong>canonicis</strong></span> 
     </span>
     <span class='ocr_line' id='line_1_15' title="bbox 106 1673 1335 1753; baseline 0.002 -21"><span class='ocrx_word' id='word_1_125' title='bbox 106 1681 199 1750; x_wconf 89' lang='lat' dir='ltr'><strong>atque</strong></span> <span class='ocrx_word' id='word_1_126' title='bbox 221 1674 400 1734; x_wconf 74' lang='lat' dir='ltr'><strong>orthodoars</strong></span> <span class='ocrx_word' id='word_1_127' title='bbox 418 1673 636 1750; x_wconf 77' lang='lat' dir='ltr'><strong>fundamentis</strong></span> <span class='ocrx_word' id='word_1_128' title='bbox 654 1707 674 1720; x_wconf 94' lang='lat'><em>-</em></span> <span class='ocrx_word' id='word_1_129' title='bbox 692 1677 736 1736; x_wconf 88' lang='lat' dir='ltr'><strong>De</strong></span> <span class='ocrx_word' id='word_1_130' title='bbox 754 1677 919 1736; x_wconf 80' lang='lat' dir='ltr'><strong>sanctitate</strong></span> <span class='ocrx_word' id='word_1_131' title='bbox 939 1677 1076 1737; x_wconf 87' lang='lat' dir='ltr'><strong>instituti</strong></span> <span class='ocrx_word' id='word_1_132' title='bbox 1094 1678 1178 1753; x_wconf 79' lang='lat' dir='ltr'><strong>festi,</strong></span> <span class='ocrx_word' id='word_1_133' title='bbox 1200 1683 1285 1737; x_wconf 89' lang='lat' dir='ltr'><strong>certa</strong></span> <span class='ocrx_word' id='word_1_134' title='bbox 1306 1683 1335 1736; x_wconf 91' lang='lat' dir='ltr'><strong>et</strong></span> 
     </span>
     <span class='ocr_line' id='line_1_16' title="bbox 108 1774 743 1834; baseline 0.005 -3"><span class='ocrx_word' id='word_1_135' title='bbox 108 1775 280 1834; x_wconf 81' lang='lat' dir='ltr'><strong>nmessaria</strong></span> <span class='ocrx_word' id='word_1_136' title='bbox 300 1774 344 1832; x_wconf 89' lang='lat' dir='ltr'><strong>ad</strong></span> <span class='ocrx_word' id='word_1_137' title='bbox 363 1775 481 1834; x_wconf 83' lang='lat' dir='ltr'><strong>cultant</strong></span> <span class='ocrx_word' id='word_1_138' title='bbox 501 1774 743 1834; x_wconf 74' lang='lat' dir='ltr'><strong>emhsiasticam.</strong></span> 
     </span>
    </p>

    <p class='ocr_par' dir='ltr' id='par_1_4' title="bbox 102 1872 1354 3132">
     <span class='ocr_line' id='line_1_17' title="bbox 165 1872 1332 1954; baseline 0.002 -20"><span class='ocrx_word' id='word_1_139' title='bbox 165 1876 306 1936; x_wconf 83' lang='lat' dir='ltr'><strong>Ioauuss</strong></span> <span class='ocrx_word' id='word_1_140' title='bbox 326 1873 700 1936; x_wconf 80' lang='lat' dir='ltr'><strong>Mou1uueCoue.Ouar.</strong></span> <span class='ocrx_word' id='word_1_141' title='bbox 723 1873 760 1954; x_wconf 82' lang='lat'><strong>(†</strong></span> <span class='ocrx_word' id='word_1_142' title='bbox 774 1872 875 1952; x_wconf 83' lang='lat'><strong>1659).</strong></span> <span class='ocrx_word' id='word_1_143' title='bbox 898 1875 947 1934; x_wconf 77' lang='lat' dir='ltr'><strong>Ex</strong></span> <span class='ocrx_word' id='word_1_144' title='bbox 964 1874 1033 1934; x_wconf 88' lang='lat' dir='ltr'><strong>eius</strong></span> <span class='ocrx_word' id='word_1_145' title='bbox 1054 1875 1199 1951; x_wconf 80' lang='lat' dir='ltr'><strong>operibus</strong></span> <span class='ocrx_word' id='word_1_146' title='bbox 1220 1880 1332 1936; x_wconf 86' lang='lat' dir='ltr'><strong>extant</strong></span> 
     </span>
     <span class='ocr_line' id='line_1_18' title="bbox 108 1972 1331 2050; baseline 0.002 -18"><span class='ocrx_word' id='word_1_147' title='bbox 108 1972 382 2032; x_wconf 83' lang='lat' dir='ltr'><strong>Eaercitationam</strong></span> <span class='ocrx_word' id='word_1_148' title='bbox 396 1973 669 2033; x_wconf 88' lang='lat' dir='ltr'><strong>ecclesiasticarum</strong></span> <span class='ocrx_word' id='word_1_149' title='bbox 682 1974 768 2036; x_wconf 71' lang='lat' dir='ltr'><strong>libb.</strong></span> <span class='ocrx_word' id='word_1_150' title='bbox 791 1975 824 2032; x_wconf 82' lang='lat'><strong>2.</strong></span> <span class='ocrx_word' id='word_1_151' title='bbox 841 2005 857 2020; x_wconf 91' lang='lat'>-</span> <span class='ocrx_word' id='word_1_152' title='bbox 878 1975 984 2034; x_wconf 88' lang='lat' dir='ltr'><strong>Biblia</strong></span> <span class='ocrx_word' id='word_1_153' title='bbox 1003 1973 1102 2033; x_wconf 90' lang='lat' dir='ltr'><strong>LXX.</strong></span> <span class='ocrx_word' id='word_1_154' title='bbox 1125 1975 1331 2050; x_wconf 78' lang='lat' dir='ltr'><strong>interpretum</strong></span> 
     </span>
     <span class='ocr_line' id='line_1_19' title="bbox 105 2057 1334 2148; baseline 0.002 -20"><span class='ocrx_word' id='word_1_155' title='bbox 105 2071 337 2148; x_wconf 80' lang='lat' dir='ltr'><strong>praeco-latina</strong></span> <span class='ocrx_word' id='word_1_156' title='bbox 347 2103 365 2116; x_wconf 95' lang='lat'>-</span> <span class='ocrx_word' id='word_1_157' title='bbox 379 2071 630 2130; x_wconf 73' lang='lat' dir='ltr'><strong>Exercitationes</strong></span> <span class='ocrx_word' id='word_1_158' title='bbox 642 2071 766 2132; x_wconf 82' lang='lat' dir='ltr'><strong>biblicae</strong></span> <span class='ocrx_word' id='word_1_159' title='bbox 780 2072 818 2132; x_wconf 89' lang='lat' dir='ltr'><strong>de</strong></span> <span class='ocrx_word' id='word_1_160' title='bbox 831 2057 955 2132; x_wconf 83' lang='lat' dir='ltr'><strong>hebraei</strong></span> <span class='ocrx_word' id='word_1_161' title='bbox 973 2073 1140 2147; x_wconf 76' lang='lat' dir='ltr'><strong>praecipue</strong></span> <span class='ocrx_word' id='word_1_162' title='bbox 1155 2078 1257 2132; x_wconf 80' lang='lat' dir='ltr'><strong>temtus</strong></span> <span class='ocrx_word' id='word_1_163' title='bbox 1272 2073 1334 2130; x_wconf 90' lang='lat' dir='ltr'><strong>sin-</strong></span> 
     </span>
     <span class='ocr_line' id='line_1_20' title="bbox 104 2169 1331 2248; baseline -0.001 -18"><span class='ocrx_word' id='word_1_164' title='bbox 104 2173 245 2242; x_wconf 85' lang='lat' dir='ltr'><strong>ceritate,</strong></span> <span class='ocrx_word' id='word_1_165' title='bbox 260 2187 415 2244; x_wconf 83' lang='lat' dir='ltr'><strong>permane</strong></span> <span class='ocrx_word' id='word_1_166' title='bbox 425 2170 523 2230; x_wconf 86' lang='lat' dir='ltr'><strong>LXX.</strong></span> <span class='ocrx_word' id='word_1_167' title='bbox 538 2170 745 2245; x_wconf 82' lang='lat' dir='ltr'><strong>interpretum</strong></span> <span class='ocrx_word' id='word_1_168' title='bbox 755 2172 958 2244; x_wconf 87' lang='lat' dir='ltr'><strong>translatione</strong></span> <span class='ocrx_word' id='word_1_169' title='bbox 971 2169 1180 2246; x_wconf 76' lang='lat' dir='ltr'><strong>dipnosoenda</strong></span> <span class='ocrx_word' id='word_1_170' title='bbox 1189 2171 1331 2248; x_wconf 88' lang='lat' dir='ltr'><strong>illiusque</strong></span> 
     </span>
     <span class='ocr_line' id='line_1_21' title="bbox 104 2267 1333 2344; baseline 0 -15"><span class='ocrx_word' id='word_1_171' title='bbox 104 2289 176 2330; x_wconf 88' lang='lat' dir='ltr'><strong>cam</strong></span> <span class='ocrx_word' id='word_1_172' title='bbox 196 2271 328 2344; x_wconf 80' lang='lat' dir='ltr'><strong>culpata</strong></span> <span class='ocrx_word' id='word_1_173' title='bbox 348 2269 571 2330; x_wconf 86' lang='lat' dir='ltr'><strong>conciliatione.</strong></span> <span class='ocrx_word' id='word_1_174' title='bbox 591 2301 612 2314; x_wconf 96' lang='lat'>-</span> <span class='ocrx_word' id='word_1_175' title='bbox 630 2269 770 2330; x_wconf 88' lang='lat' dir='ltr'><strong>Diatride</strong></span> <span class='ocrx_word' id='word_1_176' title='bbox 791 2270 937 2330; x_wconf 88' lang='lat' dir='ltr'><strong>elenetica</strong></span> <span class='ocrx_word' id='word_1_177' title='bbox 959 2267 995 2328; x_wconf 91' lang='lat' dir='ltr'><strong>de</strong></span> <span class='ocrx_word' id='word_1_178' title='bbox 1014 2269 1190 2328; x_wconf 85' lang='lat' dir='ltr'><strong>sinceritate</strong></span> <span class='ocrx_word' id='word_1_179' title='bbox 1210 2269 1333 2330; x_wconf 80' lang='lat' dir='ltr'><strong>hebraei</strong></span> 
     </span>
     <span class='ocr_line' id='line_1_22' title="bbox 103 2366 1333 2445; baseline 0 -19"><span class='ocrx_word' id='word_1_180' title='bbox 103 2369 269 2445; x_wconf 76' lang='lat' dir='ltr'><strong>praecipue</strong></span> <span class='ocrx_word' id='word_1_181' title='bbox 278 2375 381 2430; x_wconf 80' lang='lat' dir='ltr'><strong>temtus</strong></span> <span class='ocrx_word' id='word_1_182' title='bbox 394 2366 601 2445; x_wconf 80' lang='lat' dir='ltr'><strong>dipnoscenda</strong></span> <span class='ocrx_word' id='word_1_183' title='bbox 609 2399 630 2412; x_wconf 93' lang='lat'><em>-</em></span> <span class='ocrx_word' id='word_1_184' title='bbox 639 2368 887 2428; x_wconf 80' lang='lat' dir='ltr'><strong>Eaeroitationes</strong></span> <span class='ocrx_word' id='word_1_185' title='bbox 898 2367 1113 2429; x_wconf 75' lang='lat' dir='ltr'><strong>ecclmiasticae</strong></span> <span class='ocrx_word' id='word_1_186' title='bbox 1124 2368 1157 2425; x_wconf 90' lang='lat' dir='ltr'><strong>in</strong></span> <span class='ocrx_word' id='word_1_187' title='bbox 1166 2374 1333 2445; x_wconf 89' lang='lat' dir='ltr'><strong>atrumque</strong></span> 
     </span>
     <span class='ocr_line' id='line_1_23' title="bbox 104 2459 1333 2543; baseline -0.001 -17"><span class='ocrx_word' id='word_1_188' title='bbox 104 2468 372 2528; x_wconf 75' lang='lat' dir='ltr'><strong>samaritanorum</strong></span> <span class='ocrx_word' id='word_1_189' title='bbox 395 2467 649 2530; x_wconf 87' lang='lat' dir='ltr'><strong>Pentateaeham.</strong></span> <span class='ocrx_word' id='word_1_190' title='bbox 661 2498 678 2512; x_wconf 93' lang='lat'><em>-</em></span> <span class='ocrx_word' id='word_1_191' title='bbox 696 2467 849 2543; x_wconf 80' lang='lat' dir='ltr'><strong>opuscula</strong></span> <span class='ocrx_word' id='word_1_192' title='bbox 862 2459 1202 2528; x_wconf 83' lang='lat' dir='ltr'><strong>hebraeo-samaritana</strong></span> <span class='ocrx_word' id='word_1_193' title='bbox 1213 2499 1230 2512; x_wconf 89' lang='lat'>-</span> <span class='ocrx_word' id='word_1_194' title='bbox 1244 2467 1333 2526; x_wconf 79' lang='lat' dir='ltr'><strong>Gom-</strong></span> 
     </span>
     <span class='ocr_line' id='line_1_24' title="bbox 104 2564 1332 2650; baseline -0.002 -24"><span class='ocrx_word' id='word_1_195' title='bbox 104 2567 279 2626; x_wconf 85' lang='lat' dir='ltr'><strong>mentarias</strong></span> <span class='ocrx_word' id='word_1_196' title='bbox 291 2566 452 2650; x_wconf 78' lang='lat' dir='ltr'><strong>historicas</strong></span> <span class='ocrx_word' id='word_1_197' title='bbox 466 2565 503 2624; x_wconf 91' lang='lat' dir='ltr'><strong>de</strong></span> <span class='ocrx_word' id='word_1_198' title='bbox 522 2565 686 2642; x_wconf 84' lang='lat' dir='ltr'><strong>disciplina</strong></span> <span class='ocrx_word' id='word_1_199' title='bbox 706 2566 739 2623; x_wconf 88' lang='lat' dir='ltr'><strong>ia</strong></span> <span class='ocrx_word' id='word_1_200' title='bbox 761 2564 1032 2625; x_wconf 79' lang='lat' dir='ltr'><strong>administratione</strong></span> <span class='ocrx_word' id='word_1_201' title='bbox 1051 2565 1240 2624; x_wconf 88' lang='lat' dir='ltr'><strong>sacramenti</strong></span> <span class='ocrx_word' id='word_1_202' title='bbox 1254 2565 1332 2625; x_wconf 89' lang='lat' dir='ltr'><strong>Poe-</strong></span> 
     </span>
     <span class='ocr_line' id='line_1_25' title="bbox 106 2661 1331 2746; baseline 0.004 -24"><span class='ocrx_word' id='word_1_203' title='bbox 106 2666 255 2727; x_wconf 86' lang='lat' dir='ltr'><strong>nitentiae</strong></span> <span class='ocrx_word' id='word_1_204' title='bbox 283 2697 301 2709; x_wconf 92' lang='lat'>-</span> <span class='ocrx_word' id='word_1_205' title='bbox 317 2664 565 2724; x_wconf 83' lang='lat' dir='ltr'><strong>Commentarius</strong></span> <span class='ocrx_word' id='word_1_206' title='bbox 584 2665 745 2724; x_wconf 85' lang='lat' dir='ltr'><strong>historicus</strong></span> <span class='ocrx_word' id='word_1_207' title='bbox 758 2681 795 2724; x_wconf 88' lang='lat' dir='ltr'><strong>ac</strong></span> <span class='ocrx_word' id='word_1_208' title='bbox 810 2661 1058 2746; x_wconf 28' lang='lat' dir='ltr'><strong>doqmaticasfde</strong></span> <span class='ocrx_word' id='word_1_209' title='bbox 1069 2665 1164 2724; x_wconf 87' lang='lat' dir='ltr'><strong>sacris</strong></span> <span class='ocrx_word' id='word_1_210' title='bbox 1177 2664 1331 2728; x_wconf 85' lang='lat' dir='ltr'><strong>Ecclesiae</strong></span> 
     </span>
     <span class='ocr_line' id='line_1_26' title="bbox 107 2762 1331 2839; baseline 0 -17"><span class='ocrx_word' id='word_1_211' title='bbox 107 2763 352 2824; x_wconf 86' lang='lat' dir='ltr'><strong>ordinationibus</strong></span> <span class='ocrx_word' id='word_1_212' title='bbox 364 2762 532 2824; x_wconf 90' lang='lat' dir='ltr'><strong>secandam</strong></span> <span class='ocrx_word' id='word_1_213' title='bbox 545 2764 701 2838; x_wconf 89' lang='lat' dir='ltr'><strong>antiquos,</strong></span> <span class='ocrx_word' id='word_1_214' title='bbox 713 2770 742 2822; x_wconf 90' lang='lat' dir='ltr'><strong>et</strong></span> <span class='ocrx_word' id='word_1_215' title='bbox 755 2764 947 2824; x_wconf 86' lang='lat' dir='ltr'><strong>recentiores.</strong></span> <span class='ocrx_word' id='word_1_216' title='bbox 960 2763 1061 2838; x_wconf 89' lang='lat' dir='ltr'><strong>Opera</strong></span> <span class='ocrx_word' id='word_1_217' title='bbox 1076 2763 1242 2839; x_wconf 89' lang='lat' dir='ltr'><strong>posthuma</strong></span> <span class='ocrx_word' id='word_1_218' title='bbox 1256 2767 1331 2822; x_wconf 87' lang='lat' dir='ltr'><strong>sunt</strong></span> 
     </span>
     <span class='ocr_line' id='line_1_27' title="bbox 104 2861 1354 2939; baseline 0.001 -19"><span class='ocrx_word' id='word_1_219' title='bbox 104 2862 143 2922; x_wconf 90' lang='lat' dir='ltr'><strong>de</strong></span> <span class='ocrx_word' id='word_1_220' title='bbox 154 2864 443 2922; x_wconf 83' lang='lat' dir='ltr'><strong>catechumenorum</strong></span> <span class='ocrx_word' id='word_1_221' title='bbox 457 2863 634 2938; x_wconf 81' lang='lat' dir='ltr'><strong>captatione</strong></span> <span class='ocrx_word' id='word_1_222' title='bbox 641 2883 652 2934; x_wconf 90' lang='lat'><em>;</em></span> <span class='ocrx_word' id='word_1_223' title='bbox 667 2861 704 2922; x_wconf 89' lang='lat' dir='ltr'><strong>de</strong></span> <span class='ocrx_word' id='word_1_224' title='bbox 717 2868 911 2922; x_wconf 77' lang='lat' dir='ltr'><strong>sumomonte</strong></span> <span class='ocrx_word' id='word_1_225' title='bbox 926 2862 1186 2939; x_wconf 77' lang='lat' dir='ltr'><strong>confirmationis;</strong></span> <span class='ocrx_word' id='word_1_226' title='bbox 1202 2861 1239 2922; x_wconf 91' lang='lat' dir='ltr'><strong>de</strong></span> <span class='ocrx_word' id='word_1_227' title='bbox 1259 2880 1329 2922; x_wconf 90' lang='lat' dir='ltr'><strong>con·</strong></span> <span class='ocrx_word' id='word_1_228' title='bbox 1350 2889 1354 2898; x_wconf 86' lang='lat'><strong>·</strong></span> 
     </span>
     <span class='ocr_line' id='line_1_28' title="bbox 104 2959 1333 3036; baseline 0.001 -17"><span class='ocrx_word' id='word_1_229' title='bbox 104 2963 243 3033; x_wconf 88' lang='lat' dir='ltr'><strong>tritione,</strong></span> <span class='ocrx_word' id='word_1_230' title='bbox 266 2967 296 3020; x_wconf 92' lang='lat' dir='ltr'><strong>et</strong></span> <span class='ocrx_word' id='word_1_231' title='bbox 314 2961 495 3031; x_wconf 87' lang='lat' dir='ltr'><strong>attritione;</strong></span> <span class='ocrx_word' id='word_1_232' title='bbox 515 2960 675 3036; x_wconf 84' lang='lat' dir='ltr'><strong>Epistulae</strong></span> <span class='ocrx_word' id='word_1_233' title='bbox 697 2961 867 3018; x_wconf 89' lang='lat' dir='ltr'><strong>nonnullae</strong></span> <span class='ocrx_word' id='word_1_234' title='bbox 887 2959 924 3020; x_wconf 90' lang='lat' dir='ltr'><strong>de</strong></span> <span class='ocrx_word' id='word_1_235' title='bbox 946 2960 1042 3018; x_wconf 83' lang='lat' dir='ltr'><strong>variis</strong></span> <span class='ocrx_word' id='word_1_236' title='bbox 1061 2960 1261 3036; x_wconf 79' lang='lat' dir='ltr'><strong>antiquitatis</strong></span> <span class='ocrx_word' id='word_1_237' title='bbox 1289 2977 1333 3020; x_wconf 89' lang='lat' dir='ltr'><strong>ec-</strong></span> 
     </span>
     <span class='ocr_line' id='line_1_29' title="bbox 102 3055 1039 3132; baseline -0.004 -14"><span class='ocrx_word' id='word_1_238' title='bbox 102 3059 289 3118; x_wconf 87' lang='lat' dir='ltr'><strong>clesiasticae</strong></span> <span class='ocrx_word' id='word_1_239' title='bbox 309 3058 515 3132; x_wconf 79' lang='lat' dir='ltr'><strong>arpumeatis,</strong></span> <span class='ocrx_word' id='word_1_240' title='bbox 538 3063 567 3114; x_wconf 92' lang='lat' dir='ltr'><strong>et</strong></span> <span class='ocrx_word' id='word_1_241' title='bbox 587 3055 624 3116; x_wconf 90' lang='lat' dir='ltr'><strong>de</strong></span> <span class='ocrx_word' id='word_1_242' title='bbox 644 3073 829 3131; x_wconf 80' lang='lat' dir='ltr'><strong>praecorum</strong></span> <span class='ocrx_word' id='word_1_243' title='bbox 849 3057 991 3118; x_wconf 84' lang='lat' dir='ltr'><strong>basilicis.</strong></span> <span class='ocrx_word' id='word_1_244' title='bbox 1037 3123 1039 3130; x_wconf 18' lang='grc' dir='ltr'><strong><em>Α</em></strong></span> 
     </span>
    </p>

    <p class='ocr_par' dir='ltr' id='par_1_5' title="bbox 103 3152 1331 3626">
     <span class='ocr_line' id='line_1_30' title="bbox 164 3152 1331 3234; baseline -0.003 -18"><span class='ocrx_word' id='word_1_245' title='bbox 164 3156 261 3218; x_wconf 75' lang='lat' dir='ltr'><strong>Grau.</strong></span> <span class='ocrx_word' id='word_1_246' title='bbox 285 3157 418 3218; x_wconf 78' lang='lat' dir='ltr'><strong>loauues</strong></span> <span class='ocrx_word' id='word_1_247' title='bbox 432 3173 472 3216; x_wconf 84' lang='lat' dir='ltr'><strong>os</strong></span> <span class='ocrx_word' id='word_1_248' title='bbox 486 3155 575 3216; x_wconf 90' lang='lat' dir='ltr'><strong>Lueo</strong></span> <span class='ocrx_word' id='word_1_249' title='bbox 597 3155 627 3214; x_wconf 89' lang='lat' dir='ltr'><strong>S.</strong></span> <span class='ocrx_word' id='word_1_250' title='bbox 646 3155 671 3214; x_wconf 88' lang='grc' dir='ltr'><strong>Ι.</strong></span> <span class='ocrx_word' id='word_1_251' title='bbox 687 3153 724 3234; x_wconf 62' lang='grc'><strong>(1</strong></span> <span class='ocrx_word' id='word_1_252' title='bbox 741 3152 842 3233; x_wconf 88' lang='grc'><strong>1660).</strong></span> <span class='ocrx_word' id='word_1_253' title='bbox 858 3156 984 3220; x_wconf 89' lang='lat' dir='ltr'><strong>PostD.</strong></span> <span class='ocrx_word' id='word_1_254' title='bbox 1001 3154 1163 3226; x_wconf 87' lang='lat' dir='ltr'><strong>Thamara,</strong></span> <span class='ocrx_word' id='word_1_255' title='bbox 1178 3157 1213 3214; x_wconf 90' lang='lat' dir='ltr'><strong>ut</strong></span> <span class='ocrx_word' id='word_1_256' title='bbox 1227 3155 1331 3230; x_wconf 88' lang='lat' dir='ltr'><strong>inquit</strong></span> 
     </span>
     <span class='ocr_line' id='line_1_31' title="bbox 104 3251 1329 3332; baseline -0.004 -14"><span class='ocrx_word' id='word_1_257' title='bbox 104 3255 328 3332; x_wconf 69' lang='lat' dir='ltr'><strong>Satlphonsus,</strong></span> <span class='ocrx_word' id='word_1_258' title='bbox 337 3253 507 3312; x_wconf 88' lang='lat' dir='ltr'><strong>interalios</strong></span> <span class='ocrx_word' id='word_1_259' title='bbox 517 3252 680 3330; x_wconf 85' lang='lat' dir='ltr'><strong>theologos</strong></span> <span class='ocrx_word' id='word_1_260' title='bbox 692 3251 786 3312; x_wconf 85' lang='lat' dir='ltr'><strong>facile</strong></span> <span class='ocrx_word' id='word_1_261' title='bbox 796 3252 952 3329; x_wconf 88' lang='lat' dir='ltr'><strong>princeps,</strong></span> <span class='ocrx_word' id='word_1_262' title='bbox 960 3251 1090 3328; x_wconf 81' lang='lat' dir='ltr'><strong>scripsit</strong></span> <span class='ocrx_word' id='word_1_263' title='bbox 1101 3251 1329 3328; x_wconf 87' lang='lat' dir='ltr'><strong>disputationes</strong></span> 
     </span>
     <span class='ocr_line' id='line_1_32' title="bbox 106 3349 1326 3430; baseline -0.001 -18"><span class='ocrx_word' id='word_1_264' title='bbox 106 3355 142 3416; x_wconf 90' lang='lat' dir='ltr'><strong>de</strong></span> <span class='ocrx_word' id='word_1_265' title='bbox 161 3353 285 3412; x_wconf 89' lang='lat' dir='ltr'><strong>iustitia</strong></span> <span class='ocrx_word' id='word_1_266' title='bbox 298 3359 327 3412; x_wconf 90' lang='lat' dir='ltr'><strong>et</strong></span> <span class='ocrx_word' id='word_1_267' title='bbox 339 3353 425 3411; x_wconf 84' lang='lat' dir='ltr'><strong>iure.-</strong></span> <span class='ocrx_word' id='word_1_268' title='bbox 440 3351 478 3411; x_wconf 92' lang='lat' dir='ltr'><strong>de</strong></span> <span class='ocrx_word' id='word_1_269' title='bbox 497 3353 611 3412; x_wconf 84' lang='lat' dir='ltr'><strong>virtute</strong></span> <span class='ocrx_word' id='word_1_270' title='bbox 630 3351 706 3430; x_wconf 78' lang='lat' dir='ltr'><strong>fidei</strong></span> <span class='ocrx_word' id='word_1_271' title='bbox 726 3351 866 3422; x_wconf 66' lang='lat' dir='ltr'><strong>diuinae·</strong></span> <span class='ocrx_word' id='word_1_272' title='bbox 888 3349 925 3410; x_wconf 90' lang='lat' dir='ltr'><strong>de</strong></span> <span class='ocrx_word' id='word_1_273' title='bbox 944 3349 1182 3423; x_wconf 85' lang='lat' dir='ltr'><strong>incarnatione;</strong></span> <span class='ocrx_word' id='word_1_274' title='bbox 1203 3351 1240 3412; x_wconf 91' lang='lat' dir='ltr'><strong>de</strong></span> <span class='ocrx_word' id='word_1_275' title='bbox 1260 3369 1326 3412; x_wconf 86' lang='lat' dir='ltr'><strong>oen.</strong></span> 
     </span>
     <span class='ocr_line' id='line_1_33' title="bbox 106 3449 1329 3528; baseline -0.003 -16"><span class='ocrx_word' id='word_1_276' title='bbox 106 3451 324 3514; x_wconf 81' lang='lat' dir='ltr'><strong>Eucharistiae</strong></span> <span class='ocrx_word' id='word_1_277' title='bbox 352 3469 484 3510; x_wconf 87' lang='lat' dir='ltr'><strong>sacram.</strong></span> <span class='ocrx_word' id='word_1_278' title='bbox 508 3457 538 3510; x_wconf 92' lang='lat' dir='ltr'><strong>et</strong></span> <span class='ocrx_word' id='word_1_279' title='bbox 566 3450 603 3509; x_wconf 92' lang='lat' dir='ltr'><strong>de</strong></span> <span class='ocrx_word' id='word_1_280' title='bbox 630 3467 742 3510; x_wconf 86' lang='lat' dir='ltr'><strong>sacros.</strong></span> <span class='ocrx_word' id='word_1_281' title='bbox 764 3449 876 3510; x_wconf 88' lang='lat' dir='ltr'><strong>Missae</strong></span> <span class='ocrx_word' id='word_1_282' title='bbox 905 3450 1078 3528; x_wconf 75' lang='lat' dir='ltr'><strong>sacrifici03</strong></span> <span class='ocrx_word' id='word_1_283' title='bbox 1101 3449 1137 3508; x_wconf 88' lang='lat' dir='ltr'><strong>de</strong></span> <span class='ocrx_word' id='word_1_284' title='bbox 1165 3451 1279 3510; x_wconf 84' lang='lat' dir='ltr'><strong>virtute</strong></span> <span class='ocrx_word' id='word_1_285' title='bbox 1298 3455 1329 3510; x_wconf 91' lang='lat' dir='ltr'><strong>et</strong></span> 
     </span>
     <span class='ocr_line' id='line_1_34' title="bbox 103 3549 1326 3626; baseline -0.004 -16"><span class='ocrx_word' id='word_1_286' title='bbox 103 3557 296 3612; x_wconf 87' lang='lat' dir='ltr'><strong>sacramento</strong></span> <span class='ocrx_word' id='word_1_287' title='bbox 312 3551 538 3626; x_wconf 68' lang='lat' dir='ltr'><strong>poenitentiam</strong></span> <span class='ocrx_word' id='word_1_288' title='bbox 553 3549 591 3609; x_wconf 90' lang='lat' dir='ltr'><strong>de</strong></span> <span class='ocrx_word' id='word_1_289' title='bbox 609 3549 769 3626; x_wconf 78' lang='lat' dir='ltr'><strong>saffrapiis</strong></span> <span class='ocrx_word' id='word_1_290' title='bbox 778 3570 790 3620; x_wconf 90' lang='lat'><strong>‚·</strong></span> <span class='ocrx_word' id='word_1_291' title='bbox 810 3566 1024 3624; x_wconf 89' lang='lat' dir='ltr'><strong>responsorum</strong></span> <span class='ocrx_word' id='word_1_292' title='bbox 1037 3549 1204 3608; x_wconf 89' lang='lat' dir='ltr'><strong>moralium</strong></span> <span class='ocrx_word' id='word_1_293' title='bbox 1220 3549 1269 3607; x_wconf 87' lang='lat' dir='ltr'><strong>lib.</strong></span> <span class='ocrx_word' id='word_1_294' title='bbox 1293 3549 1326 3606; x_wconf 90' lang='lat'><strong>6.</strong></span> 
     </span>
    </p>

    <p class='ocr_par' dir='ltr' id='par_1_6' title="bbox 102 3645 1400 4217">
     <span class='ocr_line' id='line_1_35' title="bbox 165 3645 1400 3728; baseline -0.005 -18"><span class='ocrx_word' id='word_1_295' title='bbox 165 3652 297 3710; x_wconf 77' lang='lat' dir='ltr'><strong>Xaurss</strong></span> <span class='ocrx_word' id='word_1_296' title='bbox 310 3649 471 3710; x_wconf 79' lang='lat' dir='ltr'><strong>Maaraass</strong></span> <span class='ocrx_word' id='word_1_297' title='bbox 485 3647 539 3728; x_wconf 90' lang='lat' dir='ltr'><strong>(al.</strong></span> <span class='ocrx_word' id='word_1_298' title='bbox 557 3645 698 3726; x_wconf 87' lang='lat' dir='ltr'><strong>Pinardi)</strong></span> <span class='ocrx_word' id='word_1_299' title='bbox 719 3649 796 3708; x_wconf 83' lang='lat' dir='ltr'><strong>Ouo.</strong></span> <span class='ocrx_word' id='word_1_300' title='bbox 813 3649 930 3708; x_wconf 73' lang='lat' dir='ltr'><strong>Prusa.</strong></span> <span class='ocrx_word' id='word_1_301' title='bbox 946 3645 983 3726; x_wconf 68' lang='lat' dir='ltr'><strong>(i</strong></span> <span class='ocrx_word' id='word_1_302' title='bbox 1002 3645 1102 3724; x_wconf 83' lang='grc'><strong>1660).</strong></span> <span class='ocrx_word' id='word_1_303' title='bbox 1120 3645 1221 3706; x_wconf 90' lang='lat' dir='ltr'><strong>Prelis</strong></span> <span class='ocrx_word' id='word_1_304' title='bbox 1243 3645 1328 3704; x_wconf 90' lang='lat' dir='ltr'><strong>dedit</strong></span> <span class='ocrx_word' id='word_1_305' title='bbox 1397 3677 1400 3688; x_wconf 92' lang='lat'>·</span> 
     </span>
     <span class='ocr_line' id='line_1_36' title="bbox 105 3743 1328 3831; baseline -0.005 -23"><span class='ocrx_word' id='word_1_306' title='bbox 105 3747 327 3808; x_wconf 86' lang='lat' dir='ltr'><strong>controversias</strong></span> <span class='ocrx_word' id='word_1_307' title='bbox 346 3745 388 3806; x_wconf 90' lang='lat' dir='ltr'><strong>ad</strong></span> <span class='ocrx_word' id='word_1_308' title='bbox 413 3747 590 3804; x_wconf 87' lang='lat' dir='ltr'><strong>universam</strong></span> <span class='ocrx_word' id='word_1_309' title='bbox 610 3764 722 3806; x_wconf 84' lang='lat' dir='ltr'><strong>samm</strong></span> <span class='ocrx_word' id='word_1_310' title='bbox 745 3746 834 3804; x_wconf 91' lang='lat' dir='ltr'><strong>theol.</strong></span> <span class='ocrx_word' id='word_1_311' title='bbox 857 3745 889 3804; x_wconf 86' lang='lat' dir='ltr'><strong>S.</strong></span> <span class='ocrx_word' id='word_1_312' title='bbox 915 3744 1021 3831; x_wconf 84' lang='lat' dir='ltr'><strong>Thom.</strong></span> <span class='ocrx_word' id='word_1_313' title='bbox 1043 3743 1103 3818; x_wconf 84' lang='lat' dir='ltr'><strong>Aq.</strong></span> <span class='ocrx_word' id='word_1_314' title='bbox 1127 3761 1182 3824; x_wconf 88' lang='lat' dir='ltr'><strong>nec</strong></span> <span class='ocrx_word' id='word_1_315' title='bbox 1201 3761 1264 3802; x_wconf 89' lang='lat' dir='ltr'><strong>non</strong></span> <span class='ocrx_word' id='word_1_316' title='bbox 1284 3744 1328 3804; x_wconf 89' lang='lat' dir='ltr'><strong>ud</strong></span> 
     </span>
     <span class='ocr_line' id='line_1_37' title="bbox 106 3843 1324 3920; baseline -0.003 -14"><span class='ocrx_word' id='word_1_317' title='bbox 106 3846 137 3906; x_wconf 82' lang='grc'><strong>4,</strong></span> <span class='ocrx_word' id='word_1_318' title='bbox 160 3847 192 3903; x_wconf 90' lang='lat' dir='ltr'><strong>ll.</strong></span> <span class='ocrx_word' id='word_1_319' title='bbox 216 3862 301 3919; x_wconf 77' lang='lat' dir='ltr'><strong>maq.</strong></span> <span class='ocrx_word' id='word_1_320' title='bbox 323 3851 401 3916; x_wconf 75' lang='lat' dir='ltr'><strong>sent·</strong></span> <span class='ocrx_word' id='word_1_321' title='bbox 421 3843 646 3920; x_wconf 88' lang='lat' dir='ltr'><strong>amplissimam</strong></span> <span class='ocrx_word' id='word_1_322' title='bbox 672 3845 803 3914; x_wconf 88' lang='lat' dir='ltr'><strong>artium,</strong></span> <span class='ocrx_word' id='word_1_323' title='bbox 824 3843 1083 3918; x_wconf 81' lang='lat' dir='ltr'><strong>scientiarumque</strong></span> <span class='ocrx_word' id='word_1_324' title='bbox 1108 3844 1246 3904; x_wconf 88' lang='lat' dir='ltr'><strong>omnium</strong></span> <span class='ocrx_word' id='word_1_325' title='bbox 1267 3861 1324 3905; x_wconf 88' lang='lat' dir='ltr'><strong>an·</strong></span> 
     </span>
     <span class='ocr_line' id='line_1_38' title="bbox 102 3941 1324 4021; baseline -0.002 -19"><span class='ocrx_word' id='word_1_326' title='bbox 102 3945 331 4021; x_wconf 89' lang='lat' dir='ltr'><strong>phitheatram;</strong></span> <span class='ocrx_word' id='word_1_327' title='bbox 341 3943 562 4002; x_wconf 88' lang='lat' dir='ltr'><strong>Bibliothecam</strong></span> <span class='ocrx_word' id='word_1_328' title='bbox 577 3943 782 4018; x_wconf 88' lang='lat' dir='ltr'><strong>interpretum</strong></span> <span class='ocrx_word' id='word_1_329' title='bbox 796 3941 839 4002; x_wconf 91' lang='lat' dir='ltr'><strong>ad</strong></span> <span class='ocrx_word' id='word_1_330' title='bbox 851 3943 1028 4003; x_wconf 85' lang='lat' dir='ltr'><strong>universam</strong></span> <span class='ocrx_word' id='word_1_331' title='bbox 1042 3961 1153 4004; x_wconf 90' lang='lat' dir='ltr'><strong>samm.</strong></span> <span class='ocrx_word' id='word_1_332' title='bbox 1169 3943 1201 4004; x_wconf 84' lang='lat' dir='ltr'><strong>S.</strong></span> <span class='ocrx_word' id='word_1_333' title='bbox 1218 3944 1324 4004; x_wconf 85' lang='lat' dir='ltr'><strong>Thom.</strong></span> 
     </span>
     <span class='ocr_line' id='line_1_39' title="bbox 106 4039 1326 4118; baseline 0.002 -17"><span class='ocrx_word' id='word_1_334' title='bbox 106 4042 353 4118; x_wconf 86' lang='lat' dir='ltr'><strong>AquinatisVol.</strong></span> <span class='ocrx_word' id='word_1_335' title='bbox 373 4039 549 4116; x_wconf 75' lang='lat' dir='ltr'><strong>equorum</strong></span> <span class='ocrx_word' id='word_1_336' title='bbox 570 4057 586 4098; x_wconf 88' lang='lat' dir='ltr'><strong>e</strong></span> <span class='ocrx_word' id='word_1_337' title='bbox 607 4039 707 4115; x_wconf 89' lang='lat' dir='ltr'><strong>primo</strong></span> <span class='ocrx_word' id='word_1_338' title='bbox 729 4045 813 4100; x_wconf 88' lang='lat' dir='ltr'><strong>tomo</strong></span> <span class='ocrx_word' id='word_1_339' title='bbox 834 4041 974 4118; x_wconf 83' lang='lat' dir='ltr'><strong>expungi</strong></span> <span class='ocrx_word' id='word_1_340' title='bbox 996 4041 1086 4101; x_wconf 91' lang='lat' dir='ltr'><strong>debet</strong></span> <span class='ocrx_word' id='word_1_341' title='bbox 1107 4043 1326 4104; x_wconf 85' lang='lat' dir='ltr'><strong>controversia</strong></span> 
     </span>
     <span class='ocr_line' id='line_1_40' title="bbox 107 4138 1103 4217; baseline -0.001 -18"><span class='ocrx_word' id='word_1_342' title='bbox 107 4141 326 4217; x_wconf 82' lang='lat' dir='ltr'><strong>prolegomena</strong></span> <span class='ocrx_word' id='word_1_343' title='bbox 346 4158 384 4198; x_wconf 86' lang='lat' dir='ltr'><strong>ex</strong></span> <span class='ocrx_word' id='word_1_344' title='bbox 406 4141 531 4200; x_wconf 89' lang='lat' dir='ltr'><strong>decreto</strong></span> <span class='ocrx_word' id='word_1_345' title='bbox 552 4138 582 4198; x_wconf 83' lang='lat' dir='ltr'><strong>S.</strong></span> <span class='ocrx_word' id='word_1_346' title='bbox 606 4140 701 4214; x_wconf 84' lang='lat' dir='ltr'><strong>Cong.</strong></span> <span class='ocrx_word' id='word_1_347' title='bbox 722 4139 835 4200; x_wconf 89' lang='lat' dir='ltr'><strong>indicis</strong></span> <span class='ocrx_word' id='word_1_348' title='bbox 857 4140 988 4200; x_wconf 87' lang='lat' dir='ltr'><strong>201un.</strong></span> <span class='ocrx_word' id='word_1_349' title='bbox 1013 4139 1103 4200; x_wconf 85' lang='lat'><strong>1662.</strong></span> 
     </span>
    </p>

    <p class='ocr_par' dir='ltr' id='par_1_7' title="bbox 106 4223 1328 4611">
     <span class='ocr_line' id='line_1_41' title="bbox 165 4223 1328 4316; baseline 0.002 -18"><span class='ocrx_word' id='word_1_350' title='bbox 165 4223 291 4300; x_wconf 72' lang='lat' dir='ltr'><strong>Parrus</strong></span> <span class='ocrx_word' id='word_1_351' title='bbox 306 4239 484 4304; x_wconf 71' lang='lat' dir='ltr'><strong>Mauortius</strong></span> <span class='ocrx_word' id='word_1_352' title='bbox 499 4239 575 4298; x_wconf 81' lang='lat' dir='ltr'><strong>Ouo.</strong></span> <span class='ocrx_word' id='word_1_353' title='bbox 592 4237 670 4297; x_wconf 75' lang='lat' dir='ltr'><strong>Mus.</strong></span> <span class='ocrx_word' id='word_1_354' title='bbox 687 4236 723 4316; x_wconf 65' lang='lat' dir='ltr'><strong>(i</strong></span> <span class='ocrx_word' id='word_1_355' title='bbox 741 4237 842 4310; x_wconf 82' lang='grc'><strong>1661).</strong></span> <span class='ocrx_word' id='word_1_356' title='bbox 859 4241 990 4299; x_wconf 85' lang='lat' dir='ltr'><strong>Praeter</strong></span> <span class='ocrx_word' id='word_1_357' title='bbox 1005 4239 1098 4316; x_wconf 86' lang='lat' dir='ltr'><strong>plura</strong></span> <span class='ocrx_word' id='word_1_358' title='bbox 1112 4239 1263 4312; x_wconf 88' lang='lat' dir='ltr'><strong>ascetica,</strong></span> <span class='ocrx_word' id='word_1_359' title='bbox 1281 4258 1328 4300; x_wconf 89' lang='lat' dir='ltr'><strong>re·</strong></span> 
     </span>
     <span class='ocr_line' id='line_1_42' title="bbox 106 4337 1327 4414; baseline 0 -18"><span class='ocrx_word' id='word_1_360' title='bbox 106 4338 200 4414; x_wconf 85' lang='lat' dir='ltr'><strong>liquit</strong></span> <span class='ocrx_word' id='word_1_361' title='bbox 221 4338 360 4396; x_wconf 84' lang='lat' dir='ltr'><strong>tribunal</strong></span> <span class='ocrx_word' id='word_1_362' title='bbox 387 4337 611 4397; x_wconf 89' lang='lat' dir='ltr'><strong>sacramentale</strong></span> <span class='ocrx_word' id='word_1_363' title='bbox 631 4343 660 4396; x_wconf 92' lang='lat' dir='ltr'><strong>et</strong></span> <span class='ocrx_word' id='word_1_364' title='bbox 683 4337 796 4396; x_wconf 82' lang='lat' dir='ltr'><strong>visibile</strong></span> <span class='ocrx_word' id='word_1_365' title='bbox 825 4339 1006 4398; x_wconf 88' lang='lat' dir='ltr'><strong>animarum</strong></span> <span class='ocrx_word' id='word_1_366' title='bbox 1026 4339 1060 4396; x_wconf 88' lang='lat' dir='ltr'><strong>in</strong></span> <span class='ocrx_word' id='word_1_367' title='bbox 1080 4340 1137 4397; x_wconf 91' lang='lat' dir='ltr'><strong>hac</strong></span> <span class='ocrx_word' id='word_1_368' title='bbox 1158 4339 1224 4398; x_wconf 86' lang='lat' dir='ltr'><strong>vita</strong></span> <span class='ocrx_word' id='word_1_369' title='bbox 1244 4357 1327 4398; x_wconf 92' lang='lat' dir='ltr'><strong>mor·</strong></span> 
     </span>
     <span class='ocr_line' id='line_1_43' title="bbox 107 4435 1326 4515; baseline 0.002 -22"><span class='ocrx_word' id='word_1_370' title='bbox 107 4438 171 4495; x_wconf 87' lang='lat' dir='ltr'><strong>tali.</strong></span> <span class='ocrx_word' id='word_1_371' title='bbox 197 4469 213 4481; x_wconf 97' lang='lat'>-</span> <span class='ocrx_word' id='word_1_372' title='bbox 236 4437 303 4494; x_wconf 88' lang='lat' dir='ltr'><strong>Lib.</strong></span> <span class='ocrx_word' id='word_1_373' title='bbox 333 4437 580 4512; x_wconf 89' lang='lat' dir='ltr'><strong>complectentem</strong></span> <span class='ocrx_word' id='word_1_374' title='bbox 609 4437 747 4495; x_wconf 90' lang='lat' dir='ltr'><strong>omnium</strong></span> <span class='ocrx_word' id='word_1_375' title='bbox 771 4442 921 4509; x_wconf 86' lang='lat' dir='ltr'><strong>statuam,</strong></span> <span class='ocrx_word' id='word_1_376' title='bbox 952 4435 1123 4512; x_wconf 79' lang='lat' dir='ltr'><strong>pradaum,</strong></span> <span class='ocrx_word' id='word_1_377' title='bbox 1156 4439 1326 4515; x_wconf 79' lang='lat' dir='ltr'><strong>officiorum</strong></span> 
     </span>
     <span class='ocr_line' id='line_1_44' title="bbox 107 4526 1317 4611; baseline 0.003 -20"><span class='ocrx_word' id='word_1_378' title='bbox 107 4541 268 4607; x_wconf 74' lang='lat' dir='ltr'><strong>araturam,</strong></span> <span class='ocrx_word' id='word_1_379' title='bbox 296 4526 506 4610; x_wconf 66' lang='lat' dir='ltr'><strong>obliquitatis,</strong></span> <span class='ocrx_word' id='word_1_380' title='bbox 523 4543 652 4611; x_wconf 86' lang='lat' dir='ltr'><strong>peecata</strong></span> <span class='ocrx_word' id='word_1_381' title='bbox 666 4541 720 4595; x_wconf 88' lang='lat' dir='ltr'><strong>etc.</strong></span> <span class='ocrx_word' id='word_1_382' title='bbox 737 4567 757 4580; x_wconf 93' lang='lat'><em>-</em></span> <span class='ocrx_word' id='word_1_383' title='bbox 777 4535 924 4594; x_wconf 88' lang='lat' dir='ltr'><strong>notabiles</strong></span> <span class='ocrx_word' id='word_1_384' title='bbox 942 4535 1137 4594; x_wconf 85' lang='lat' dir='ltr'><strong>resolutiones</strong></span> <span class='ocrx_word' id='word_1_385' title='bbox 1158 4537 1317 4597; x_wconf 86' lang='lat' dir='ltr'><strong>uariorum</strong></span> 
     </span>
    </p>
   </div>
   <div class='ocr_carea' id='block_1_2' title="bbox 0 0 1706 5360">
    <p class='ocr_par' dir='ltr' id='par_1_8' title="bbox 0 0 1706 5360">
     <span class='ocr_line' id='line_1_45' title="bbox 0 0 1706 5360; baseline 0 0"><span class='ocrx_word' id='word_1_386' title='bbox 0 0 1706 5360; x_wconf 95' lang='lat' dir='ltr'><strong> </strong></span> 
     </span>
    </p>
   </div>
  </div>
 </body>
</html>
