3444 5358
903 339 944 356 -
965 308 1026 371 162
1048 342 1080 352 -

388 406 537 468 siasticae
565 406 750 484 disciplinae
780 406 885 484 capite
914 406 1233 484 comprehenduntur,
1265 404 1413 465 indicatis
1444 405 1611 466 dumtaxat

384 505 572 565 Pontificum
594 507 806 565 Romanorum
827 505 963 564 decretis
999 509 1031 564 et
1052 505 1264 566 conciliorum
1286 504 1471 576 canonibus,
1488 522 1549 562 non
1573 505 1612 563 ad

385 602 516 662 verbum
538 603 660 662 relatis.
684 603 798 663 Eadem
822 606 925 662 tamen
947 602 1073 680 integra
1094 602 1236 661 continet
1261 602 1361 662 altera
1388 601 1526 660 eiusdem
1549 602 1614 660 Au-

385 700 484 758 ctoris
500 699 655 772 collectio,
672 700 723 760 cui
740 699 914 759 Concordia
935 717 1103 772 can-ortam,
1121 699 1190 758 sive
1204 699 1298 760 Liber
1311 715 1466 759 cononum
1480 699 1613 758 titulum

386 796 544 872 praefixit.

445 895 486 952 X.
508 895 556 953 Ad
578 895 714 954 eamdem
749 894 829 954 hanc
850 895 935 954 Iuris
958 894 1108 954 Canonici
1131 893 1281 970 epocham
1304 891 1483 952 referendae
1505 891 1613 969 plures

385 990 610 1066 Imperatoriae
632 993 716 1069 leges
739 992 773 1050 in
795 996 927 1068 utroque
958 992 1064 1051 codice
1093 991 1309 1050 Theodosiano
1344 995 1376 1049 et
1397 989 1614 1062 Iustinianaeo

386 1088 488 1148 adhuc
509 1092 686 1162 exstantes,
708 1089 822 1166 quibus
844 1089 979 1166 piissimi
993 1089 1159 1166 Principes
1175 1089 1225 1148 vel
1241 1087 1417 1148 Ecclesiam
1432 1085 1614 1164 privilegiis
1702 1087 1703 1100 ³

385 1191 592 1258 exornarunt,
615 1187 666 1245 vel
687 1204 766 1262 quae
788 1187 849 1245 iam
879 1186 1052 1246 canonibus
1075 1189 1198 1246 statuta
1226 1185 1362 1255 fuerant,
1385 1183 1518 1244 adiectis
1538 1189 1616 1244 tem·
1702 1173 1703 1178 ¹

386 1281 546 1357 poralibus
577 1283 701 1360 poenis,
725 1289 884 1360 tamquam
916 1283 987 1342 fidei
1019 1283 1161 1344 vindices
1192 1287 1225 1342 et
1257 1281 1429 1360 religionis·
1452 1282 1613 1354 custodes,

386 1379 500 1455 exequi
528 1385 692 1440 curarunt.

739 1575 848 1634 Status
867 1577 977 1636 tertias
996 1577 1086 1636 larm-
1100 1575 1260 1636 canonici.

449 1769 506 1830 XI.
527 1769 655 1830 Tertius
677 1774 780 1831 status
804 1771 965 1830 Ecclesiae
987 1771 1025 1832 ab
1046 1771 1123 1833 Vlll
1145 1771 1271 1831 saeculo
1294 1771 1333 1830 ad
1352 1770 1400 1828 XI
1423 1785 1523 1846 usque
1547 1785 1617 1845 pro-

390 1866 547 1943 greditur,
570 1886 631 1943 quo
652 1869 858 1928 scientiarum
881 1887 917 1929 ac
942 1869 1132 1946 optimarum
1154 1868 1273 1928 artium
1298 1867 1401 1926 fontes
1424 1868 1521 1926 densa
1542 1866 1618 1926 cali·
1704 1885 1705 1948 l

387 1963 460 2040 gine
474 1964 670 2026 obduxerant
685 1966 901 2050 barbararum
915 1967 1057 2046 gentium
1074 1966 1225 2043 irruptio,
1250 1965 1436 2042 disciplinae
1457 1964 1615 2035 remissio,
1704 1951 1705 1982 ³

390 2063 553 2140 corruptio
582 2082 713 2139 morum,
739 2066 933 2126 Clericorum
965 2065 1108 2138 ambitio,
1144 2065 1326 2125 litterarum
1356 2064 1497 2140 squalor,
1523 2067 1616 2138 atque

389 2159 527 2220 schisma
547 2164 748 2224 Graecorum.
763 2165 896 2223 Photius
919 2162 1112 2222 Patriarcha
1135 2161 1519 2239 Constantinopolitanus,
1535 2160 1616 2220 hanc

389 2258 517 2318 tertiam
547 2261 630 2320 Iuris
660 2261 809 2322 Canonici
839 2261 987 2339 epocham
1018 2261 1214 2338 auspicatur.
1248 2262 1279 2320 Is
1312 2259 1392 2320 enim
1425 2265 1615 2336 postremam

390 2373 544 2418 canonum
564 2377 620 2436 per
641 2361 782 2437 Synodos
804 2361 996 2437 digestorum
1023 2360 1255 2434 collectionem,
1277 2377 1356 2434 quae
1377 2360 1460 2436 apud
1480 2359 1616 2420 Graecos
1705 2369 1706 2406 l

390 2460 505 2532 quarta
525 2456 660 2518 habetur
680 2458 765 2518 inter
785 2476 851 2532 eae,
866 2477 945 2534 quae
959 2458 1096 2518 alicuius
1112 2458 1248 2520 nominis
1264 2461 1359 2532 atque
1374 2473 1450 2516 usus
1471 2454 1615 2528 fuerunt,

391 2554 605 2614 collectionem
618 2558 871 2616 constitutionum
881 2557 1169 2617 Ecclesiasticarum
1178 2555 1363 2632 inscriptam
1377 2553 1517 2614 coniecit
1531 2554 1617 2614 circa

391 2669 507 2711 annum
528 2652 597 2712 880.
620 2656 704 2715 Haec
726 2656 873 2714 collectio
894 2655 1036 2716 continet
1056 2672 1202 2730 canones,
1218 2670 1295 2730 quos
1317 2654 1378 2712 duo
1399 2651 1617 2714 Conciliabula

390 2751 664 2830 Constantinopoli
694 2757 897 2831 congregata,
920 2753 1054 2813 alterum
1086 2755 1118 2812 in
1147 2752 1263 2828 templo
1293 2751 1346 2812 SS.
1376 2749 1615 2828 Apostolorum,

391 2847 525 2926 alterum
546 2849 579 2910 in
600 2851 717 2930 templo
738 2853 770 2912 S.
792 2852 939 2929 Sophiae,
961 2851 1135 2912 ediderant.
1158 2851 1244 2910 Idem
1264 2849 1399 2909 Photius
1423 2849 1499 2907 huic
1521 2848 1616 2907 colle·
1706 2881 1707 2898 ι

390 2947 490 3008 ctioni
520 2948 737 3010 collectionem
767 2968 889 3028 quoque
920 2953 1024 3028 legum
1045 2949 1185 3011 attexuit
1213 2947 1340 3008 condito
1365 2944 1616 3018 Nemo-canone,

391 3047 534 3124 exemplo
563 3049 689 3110 Ioannis
720 3049 923 3122 Antiocheni‚
947 3051 1000 3109 sed
1021 3047 1130 3108 ordine
1152 3046 1289 3106 diverso:
1315 3047 1400 3124 leges
1423 3044 1537 3122 quippe
1558 3061 1618 3102 non
1706 3037 1707 3048 ’

392 3141 534 3222 integras
556 3147 707 3210 describit
721 3152 757 3207 ut
779 3167 797 3206 a
812 3149 927 3207 Ioanne
941 3146 1138 3206 Scholastico
1153 3143 1274 3204 iactum
1290 3142 1408 3215 iuerat,
1425 3143 1479 3202 sed
1494 3147 1617 3205 tantum

393 3241 523 3302 indicat.
546 3245 624 3307 Post
643 3247 720 3306 haec
742 3246 953 3322 peramplius
983 3245 1043 3303 duo
1071 3242 1197 3302 saecula
1226 3241 1468 3302 collectionibus
1489 3239 1616 3299 concin-

394 3340 506 3398 nandis
529 3348 685 3402 cessatum
706 3349 756 3403 est
777 3344 809 3403 in
830 3344 969 3402 Oriente.

452 3436 526 3496 XII.
549 3440 642 3499 Nunc
665 3459 740 3499 vero
761 3443 800 3501 ad
821 3441 1045 3500 occidentalem
1075 3441 1250 3502 Ecclesiam
1272 3439 1353 3516 quod
1382 3435 1534 3514 pertinet,
1556 3434 1618 3500 tol·
1706 3495 1707 3510 2

395 3531 493 3594 lectio
514 3537 632 3613 prodiit
663 3538 778 3598 Isidori
807 3540 1003 3613 Mercatoris,
1026 3539 1094 3600 sive
1118 3538 1303 3611 Peccatoris3
1326 3553 1397 3594 cum
1418 3533 1474 3594 alii
1496 3533 1617 3592 codices

394 3632 471 3708 sint,
494 3637 548 3719 qpi
568 3635 754 3700 Mercatoris
768 3657 879 3698 nomen
894 3639 1083 3714 inscriptum
1105 3638 1235 3710 habent,
1258 3635 1314 3696 alii
1334 3631 1520 3692 Peccatoris.
1543 3629 1617 3697 Quis

395 3753 509 3796 revere
532 3735 632 3798 fuerit
659 3744 772 3800 auctor
799 3759 861 3798 non
892 3740 970 3800 satis
999 3739 1108 3814 liquet.
1132 3737 1253 3797 Isidoro
1280 3731 1464 3809 Hispalensi
1493 3731 1618 3788 omnino

394 3839 528 3894 nonest
550 3837 729 3911 tribuenda,
759 3839 900 3898 continet
928 3839 1010 3898 enim
1035 3841 1236 3898 monumenta
1260 3835 1328 3908 ipso
1350 3831 1540 3904 recentiora,
1563 3845 1617 3888 nec

394 3931 522 3994 ridetur
542 3937 749 3997 adiudicanda
768 3938 891 3998 Isidoro
912 3937 1066 4014 Episcopo
1089 3931 1271 4004 Sebucensi,
1294 3949 1350 3990 nee
1371 3929 1530 4005 Riculpho
1551 3928 1617 3988 Mo·
1706 3989 1707 4000 ,

395 4031 530 4108 guntino
552 4033 717 4112 Episcopo:
735 4036 876 4112 plerique
891 4055 930 4095 ex
947 4035 1027 4096 viris
1040 4034 1142 4095 doctis
1156 4050 1222 4092 eam
1237 4028 1410 4090 coniecisse
1431 4026 1617 4086 existimant

403 4131 557 4192 hominem
580 4134 910 4194 Germano-Francum
937 4152 1007 4193 cum
1028 4151 1067 4192 ex
1090 4129 1192 4191 veteri
1212 4128 1386 4190 Galliarum
1409 4124 1618 4200 descriptione

396 4230 602 4291 Francorum
623 4232 751 4308 regibus
785 4233 953 4292 Germania
992 4231 1213 4292 subiiceretur.
1236 4229 1351 4288 Tamen
1379 4243 1440 4284 non
1461 4221 1621 4299 ambigen-

395 4327 466 4387 dum
489 4329 627 4401 videtur,
650 4330 733 4388 hunc
749 4329 905 4390 Isidorum
918 4330 1137 4400 Mercatorem,
1152 4325 1295 4403 quisquis
1312 4323 1366 4382 ille
1381 4322 1437 4395 sit,
1452 4321 1617 4398 praecipue

398 4444 438 4484 ex
460 4446 536 4488 vera
557 4429 670 4488 Isidori
692 4427 889 4504 Hispalensis
912 4427 1110 4498 collectione,
1123 4443 1193 4485 cum
1214 4441 1328 4501 magna
1348 4423 1416 4481 eius
1437 4424 1520 4480 esset
1541 4418 1619 4480 cele·

398 4521 514 4599 britas,
543 4545 582 4586 ex
615 4525 855 4586 collectionibus
887 4526 1058 4600 Hadriana,
1079 4544 1115 4586 ac
1147 4524 1248 4584 veteri
1277 4540 1296 4582 a
1324 4517 1491 4589 Q'uesnello
1519 4520 1616 4592 edita,
