3404 5360
397 407 493 470 dorici
511 405 662 467 Abbatem
683 437 699 453 -
721 404 774 466 Ad
792 405 904 466 milites
928 405 1045 484 Templi
1065 405 1102 465 de
1124 403 1217 465 haudo
1232 419 1334 466 nouae
1347 406 1478 466 militiae
1490 405 1588 466 Liber
1605 436 1622 450 -

402 507 566 567 Tractatus
587 503 624 565 de
646 501 803 563 Crodibus
819 503 1018 565 ¹Humilitatis
1037 511 1067 564 et
1086 501 1255 580 Superbiae
1274 535 1296 550 -
1315 491 1359 564 De
1381 502 1540 580 dilipendo
1556 504 1623 564 Deo

399 605 492 666 Liber
510 604 554 664 od
572 603 786 664 Haimcricum
806 601 839 661 S.
861 603 901 663 il.
924 603 963 661 Ε.
986 601 1189 662 cardinalem
1209 609 1239 661 et
1254 601 1485 662 Cancellorium
1504 631 1525 649 ·-
1541 603 1626 660 Tra-

397 709 499 764 ctalus
517 701 555 762 de
574 703 683 777 pratia
704 707 733 761 et
753 700 845 761 libero
866 701 997 760 arbitrio
1018 699 1062 758 ad
1083 699 1284 760 Cuilletmum
1304 699 1414 760 Sancti
1438 697 1626 760 Theoderici

271 855 274 862 .
397 803 574 863 Abbotem-
588 799 752 860 Tractatus
772 799 809 857 de
828 799 989 876 Baptismo
1003 799 1130 876 diisque
1150 799 1377 876 quaestionibus
1397 797 1625 875 adHuponem

400 901 437 960 de
456 899 490 959 S.
515 898 635 957 Victore
653 927 675 944 ι·
697 897 860 958 Tractatus
880 903 991 957 contra
1022 896 1175 974 quaedam
1197 897 1344 976 Cupitula
1365 915 1506 957 errorum
1528 895 1627 976 Petri

399 995 572 1058 Abaelordi
592 995 636 1055 od
654 993 868 1056 innocentium
888 995 928 1055 II.
962 996 1146 1075 Pontificem
1167 1027 1184 1041 -
1204 997 1247 1056 De
1267 995 1332 1054 uita
1353 1002 1382 1054 et
1401 996 1494 1055 rebus
1522 995 1628 1071 pestis

400 1097 432 1156 S.
452 1095 628 1155 Malachiae
647 1093 815 1154 Hiberniae
829 1095 985 1173 Episcopi.
1004 1127 1020 1140 -
1031 1094 1175 1172 Hymnus
1196 1093 1233 1157 de
1252 1094 1286 1153 S.
1303 1093 1464 1153 Malachia
1479 1123 1496 1138 -
1516 1093 1626 1171 Super

399 1193 664 1271 Antunnacum
686 1177 890 1253 aethmun
913 1193 1037 1254 mutue
1063 1192 1204 1270 Epistola
1222 1224 1244 1238 -
1268 1191 1490 1252 Tractatum
1512 1191 1625 1250 caen

399 1309 451 1352 seu
479 1291 665 1352 correctione
695 1292 919 1368 Antiphonarii
937 1323 958 1338 -
975 1291 1007 1352 S.
1037 1290 1221 1352 Bernardus
1247 1307 1340 1368 super
1367 1289 1529 1369 Hpmuum
1546 1290 1624 1351 Insu

400 1406 521 1452 uosrnn
541 1391 726 1450 Rsnsurrro
746 1421 766 1434 -
786 1391 829 1450 De
852 1389 999 1450 Passieno
1021 1389 1137 1449 Christi
1157 1396 1186 1450 et
1206 1388 1360 1448 doloribus
1387 1395 1417 1449 et
1442 1388 1624 1466 planctibus

400 1486 514 1546 Matris
533 1487 597 1546 eius
617 1519 634 1532 ·
659 1486 823 1546 Tractatus
843 1487 887 1546 ad
906 1487 1030 1549 laudem
1049 1488 1201 1563 ploriosae
1220 1487 1358 1564 Virpinis
1371 1487 1486 1546 Matris
1500 1519 1517 1532 -
1537 1485 1618 1546 Tra-

399 1591 501 1645 ctatus
530 1585 568 1644 de
599 1601 725 1662 corpore
754 1586 879 1646 Domini
905 1617 922 1632 ·
949 1585 1062 1645 Modus
1087 1585 1239 1646 cantandi
1267 1584 1428 1646 Croduole
1454 1617 1475 1632 -
1505 1585 1622 1644 Tonale

399 1683 433 1744 S.
454 1683 614 1745 Bemordi
634 1717 651 1729 -
671 1683 833 1744 Sermones
863 1684 900 1744 de
927 1685 1072 1762 Tempore
1092 1684 1191 1766 (inter
1210 1701 1288 1760 quos
1310 1683 1461 1761 leguntur
1481 1685 1517 1744 B.
1543 1686 1623 1745 Ber·
1686 1707 1687 1730 1

400 1783 490 1843 nardi
510 1782 656 1843 homiliae
688 1785 823 1860 quatuor
853 1800 947 1861 super
973 1783 1084 1841 Muses
1113 1789 1157 1843 est
1176 1799 1230 1842 seu
1252 1784 1288 1843 de
1316 1781 1462 1844 laudibus
1483 1782 1620 1861 virgnis

374 1897 379 1911 ·
400 1879 530 1961 Matris)
549 1913 569 1928 -
588 1882 748 1942 Sermones
768 1882 805 1942 de
824 1881 946 1942 Sanctis
965 1913 986 1928 -
1005 1881 1167 1942 Sermones
1195 1881 1233 1943 de
1254 1883 1380 1944 dirersis
1398 1915 1419 1928 -
1441 1883 1621 1943 Sententiae

398 2013 419 2026 -
439 1981 613 2041 Parabolae
632 2014 653 2026 -
674 1980 878 2057 Confessionis
901 1982 1046 2058 privatae
1075 1981 1216 2057 formula
1236 2011 1257 2027 -
1280 1982 1420 2060 Officium
1451 1979 1489 2040 de
1510 1981 1543 2040 S.
1571 1982 1619 2040 Vi·

398 2087 480 2142 ctore
502 2081 691 2156 Confessore.
712 2079 913 2140 -Sermones
933 2080 967 2138 in
987 2080 1121 2140 Cantica
1144 2080 1355 2140 (leuticorum.
1370 2081 1510 2139 Exstant
1523 2080 1616 2140 eliam

399 2179 506 2239 Floras
532 2197 585 2239 seu
613 2178 788 2238 Sententiae
809 2197 849 2238 ee
873 2179 905 2238 S.
934 2179 1096 2239 Bernardi
1124 2181 1265 2256 operibus
1297 2178 1508 2255 depromptae.
1532 2180 1614 2240 Inter

399 2275 563 2354 epistolas,
585 2295 663 2352 quae
684 2276 782 2336 eidem
803 2276 1001 2349 tribuuntur,
1023 2277 1196 2338 habendam
1223 2295 1291 2337 esee
1311 2280 1353 2336 ut·
1369 2277 1509 2354 spuriam
1531 2278 1615 2338 illan

399 2375 437 2434 ad
457 2375 629 2435 Canonicos
650 2376 874 2452 Lugdunenses
907 2377 943 2434 de
963 2376 1172 2452 Conceptione
1202 2375 1359 2452 Virginis,
1383 2375 1567 2435 ostenditur
1588 2377 1615 2435 iu

401 2473 630 2534 Dissertatione
650 2474 686 2533 de
707 2473 859 2532 Bernardi
880 2473 1009 2550 scriptis
1033 2473 1064 2531 in
1092 2473 1123 2531 2.
1153 2474 1222 2536 Vol.
1250 2473 1377 2551 Sylloge
1406 2479 1620 2551 monumento-

401 2589 483 2646 rum,
505 2574 634 2631 euctore
656 2571 694 2631 cl.
715 2573 751 2631 P.
774 2571 912 2630 Antonio
932 2571 1085 2636 Ballerini
1108 2573 1139 2630 S.
1162 2573 1187 2631 I.
1211 2573 1268 2633 Th.
1291 2573 1370 2634 Mor.
1388 2571 1475 2633 Proi.
1493 2573 1527 2632 in
1539 2575 1618 2635 Coll.

397 2654 549 2729 ¹Romano.
572 2702 589 2714 -
612 2671 790 2730 Bernartius
811 2661 966 2728 communi
987 2667 1124 2728 omnium
1139 2670 1255 2730 iudicio
1269 2673 1365 2732 Peter
1379 2671 1445 2732 fuit
1459 2677 1492 2734 et
1503 2675 1621 2734 Ductor

400 2767 581 2826 mellifluus.
603 2767 679 2827 Eius
701 2785 794 2845 opera
814 2767 899 2827 edita
920 2771 994 2828 sunt
1014 2770 1155 2829 Veronae
1177 2769 1268 2831 1726.

461 2869 632 2930 Rnrnnuus
651 2866 727 2926 Aen.
759 2865 905 2928 Turrisu.
927 2866 964 2948 (i.
988 2886 1015 2926 a.
1038 2867 1138 2946 1130).
1160 2867 1209 2927 Ab
1238 2885 1274 2927 eo
1294 2871 1436 2946 prodiere
1459 2872 1622 2934 Commen-

399 2968 553 3029 tariorum
574 2965 611 3025 de
632 2965 772 3043 operibus
790 2965 824 3025 S.
851 2966 1015 3026 Trinitatis
1035 2968 1123 3027 Libri
1142 2967 1199 3027 42.
1222 2999 1243 3013 -
1264 2969 1380 3029 Comm.
1402 2973 1436 3028 in
1463 2971 1618 3044 Genesim,

399 3064 560 3138 Euodum,
592 3065 764 3125 Leviticum
792 3089 813 3111 u
831 3066 866 3124 in
895 3064 1047 3140 Numeros
1078 3100 1097 3128 e-
1118 3068 1152 3125 in
1180 3068 1346 3129 Deuteron.
1381 3070 1414 3127 in
1439 3071 1526 3131 Iosue
1544 3105 1566 3118 -
1588 3074 1620 3131 in

400 3166 437 3224 L.
459 3163 602 3223 iudicum
621 3195 642 3208 -
662 3165 784 3238 Repum
803 3165 875 3222 -in
895 3165 1010 3225 Isaiam
1026 3167 1092 3224 -in
1112 3166 1276 3226 ieremiam
1290 3199 1308 3212 -
1327 3169 1362 3226 in
1387 3169 1581 3230 Ezechielem
1602 3203 1622 3217 -

400 3264 434 3320 in
453 3261 613 3322 Danielem
629 3291 650 3307 -
669 3261 703 3318 in
723 3261 743 3320 I
747 3263 777 3322 V.
798 3263 1015 3338 Eoonpelistas
1035 3293 1055 3310 ·-
1074 3264 1111 3323 L.
1131 3266 1175 3324 De
1194 3266 1336 3342 operibus
1355 3265 1492 3343 Spiritus
1510 3269 1623 3328 Sancti
1668 3315 1672 3328 .

403 3359 636 3420 Commentario
657 3361 691 3417 in
713 3361 766 3419 12.
787 3359 961 3436 Prophetas
981 3361 1119 3420 Minores
1137 3395 1158 3408 -
1178 3363 1212 3420 in
1228 3363 1360 3422 Cantica
1379 3395 1400 3408 -
1419 3365 1453 3422 in
1467 3364 1529 3426 lob.
1553 3369 1622 3426 -in

402 3457 453 3517 lib.
475 3457 669 3518 Ecclesiastis
690 3489 711 3503 -
729 3459 767 3516 L.
782 3459 825 3517 De
845 3458 949 3533 plorio
969 3460 1132 3518 ethonore
1152 3460 1230 3518 Filii
1249 3461 1381 3520 hominis
1402 3495 1419 3508 ·
1441 3465 1478 3522 L.
1490 3465 1535 3524 De
1555 3467 1621 3541 plo-

399 3557 573 3636 riflcatione
597 3556 759 3615 Trinitatis
778 3562 807 3616 et
827 3558 1014 3631 processione
1041 3557 1153 3618 Sancti
1182 3558 1319 3635 Spiritus
1340 3591 1358 3603 -
1380 3561 1502 3622 Comm.
1523 3565 1559 3621 iu
1579 3567 1624 3623 Ε·

399 3655 578 3730 oonpelium
597 3653 734 3728 Ioanne,
756 3655 874 3713 Comm.
897 3657 931 3714 in
950 3657 1171 3735 Apocalypsim
1190 3689 1211 3702 -
1230 3656 1267 3716 L.
1288 3658 1334 3717 De
1359 3657 1495 3719 Victoria
1531 3661 1622 3722 Verbi

400 3754 456 3813 Dei
475 3786 495 3799 -
514 3755 557 3813 Dc
573 3754 690 3814 Divinis
710 3753 817 3832 officiis
837 3753 907 3814 Lib.
932 3755 987 3814 12.
1008 3787 1029 3800 -
1048 3755 1083 3814 L.
1104 3756 1148 3815 De
1175 3753 1321 3815 incendio
1347 3756 1461 3833 Oppidi
1484 3758 1581 3819 Tuitii
1601 3793 1621 3806 -

400 3852 436 3910 L.
469 3850 506 3910 de
535 3851 734 3912 meditatione
763 3853 871 3912 mortis
890 3883 911 3898 -
939 3852 1011 3912 Vite
1040 3851 1072 3912 S.
1104 3853 1244 3913 Helberti
1265 3849 1282 3898 -'
1307 3854 1417 3924 Passio
1438 3859 1477 3915 B.
1501 3859 1623 3936 Eliphii

399 3948 552 4026 Martyris
570 3981 591 3994 -
610 3950 646 4008 L.
669 3951 712 4010 De
732 3951 888 4010 voluntate
918 3951 974 4010 Dei
994 3981 1011 3996 ·
1032 3952 1068 4010 L.
1091 3953 1135 4011 De
1155 3952 1378 4028 omnipotentia
1408 3955 1504 4013 Dei·
1526 3957 1565 4015 L.
1588 3959 1622 4014 in

399 4046 555 4124 quaedam
574 4049 712 4125 capitula
731 4050 870 4125 Repulae
890 4048 1107 4109 &Beneuen
1124 4081 1146 4094 -
1157 4049 1328 4109 Altercotio
1344 4051 1491 4112 Monachi
1504 4061 1535 4114 et
1553 4056 1619 4115 Clo·

400 4147 459 4205 rici
478 4145 561 4222 quod
580 4145 671 4205 liceat
689 4148 838 4206 monacho
854 4147 1040 4225 praedicare
1060 4181 1078 4195 -
1098 4145 1240 4225 Epistola
1261 4147 1304 4208 ool
1336 4149 1536 4212 Euenum
1556 4155 1621 4214 Ab·

401 4246 502 4305 butem
521 4277 541 4289 -
561 4243 597 4302 L.
620 4245 663 4304 De
694 4245 825 4306 laesione
852 4247 1044 4322 cirpinitatis
1061 4279 1082 4293 -
1100 4247 1244 4306 Annulus
1270 4249 1331 4308 sive
1358 4248 1501 4326 dmlopus
1529 4254 1612 4312 iuter

401 4344 613 4405 Christianum
633 4349 662 4419 et
680 4343 832 4404 Iudaeum
850 4374 871 4390 ·-
891 4346 928 4405 L.
950 4347 993 4406 De
1012 4346 1078 4404 uite
1091 4363 1160 4405 nere
1175 4347 1342 4424 apostolica
1354 4377 1375 4393 ·-
1389 4349 1539 4427 Epistola
1556 4368 1619 4428 qua

398 4444 520 4502 ratione
540 4441 763 4520 Monochorum
783 4443 858 4503 ordo
874 4445 1037 4522 praecellit
1056 4444 1197 4503 ordinem
1219 4447 1423 4506 Clericorum.
