3466 5362
128 439 161 496 3.
187 436 224 498 de
245 436 449 500 Prouidentia
469 441 525 500 Dei
545 437 589 498 ad
616 439 781 514 Stapirum
809 439 999 498 Monachum
1021 469 1038 486 ·
1058 439 1146 498 Libri
1172 440 1203 499 6.
1235 439 1271 499 de
1291 440 1351 500 Su·

128 537 267 596 cerdatio
288 570 305 582 -
327 539 419 599 Liber
439 539 477 600 de
496 539 679 614 airpinitate
701 571 719 584 -
744 537 908 597 Tractatus
926 539 959 598 2.
982 536 1026 596 ad
1049 537 1177 597 viduam
1197 539 1349 598 iuniorem

125 667 143 680 -
166 637 256 694 Libri
275 638 308 695 2.
332 645 443 696 contra
473 656 521 698 eos
550 637 604 713 qui
631 636 881 696 subintroductas
909 636 1024 697 babent
1057 635 1199 720 Viryines
1219 668 1235 682 ·
1256 637 1349 696 Liber

123 735 293 811 inscriptus
306 738 361 811 qui
373 737 504 814 seipsum
517 753 581 794 non
602 733 710 807 laedit,
732 753 802 796 eum
823 753 911 795 nemo
932 735 1054 795 laedere
1070 739 1181 813 potest,
1195 753 1248 794 seu
1266 734 1349 810 quod

108 849 214 891 nemo
236 833 373 892 laeditur
394 835 454 893 nisi
472 853 492 893 a
512 835 607 911 seipso
629 867 645 878 -
667 834 760 894 Liber
779 834 823 892 ad
836 851 884 895 eos
904 835 958 910 qui
985 832 1194 892 scandalizati
1222 833 1348 891 suntab

126 931 329 992 adversitates
349 965 366 978 -
388 933 490 994 Dubia
510 937 560 994 est
580 933 708 993 bomilia
727 935 761 992 in
781 933 932 993 Davidem
952 933 1069 1008 Regem
1091 945 1120 991 et
1148 932 1285 990 Paulum
1306 932 1349 990 A·

121 1031 276 1106 postoium
297 1030 334 1090 de
344 1033 539 1108 poenitentia
559 1038 588 1092 et
608 1033 642 1089 in
661 1032 753 1091 caria
767 1032 852 1092 dieta
866 1031 1059 1103 Paulinistue,
1076 1047 1154 1106 quae
1169 1030 1207 1088 ad
1226 1027 1348 1090 Christi

128 1129 218 1188 finem
239 1129 412 1206 pertinent,
435 1134 468 1192 et
487 1131 568 1206 quod
588 1148 651 1189 non
672 1129 813 1191 debemus
833 1130 995 1209 desperare
1018 1129 1055 1188 de
1080 1129 1179 1187 salute
1201 1133 1308 1186 nostru
1329 1157 1346 1170 -

128 1227 263 1286 Dubium
284 1228 404 1304 pariter
424 1233 474 1290 est
487 1229 685 1288 Prooemium
699 1231 733 1288 in
751 1229 896 1289 Psalmos.
919 1227 1059 1304 Deanue
1079 1227 1117 1287 ab
1138 1243 1174 1284 eo
1188 1225 1345 1303 „prodiere

130 1325 277 1401 epistolae
288 1324 358 1387 238.
370 1344 448 1403 quas
459 1345 577 1400 omnes,
588 1345 650 1388 una
659 1330 804 1406 excepta,
816 1328 849 1388 in
862 1327 975 1387 ultimo
989 1325 1087 1384 exilio
1102 1323 1242 1400 scripsit.
1255 1323 1346 1382 Ecle-
1385 1350 1388 1367 =

129 1441 186 1499 gae
204 1439 242 1482 ex
263 1423 400 1483 diversis
420 1425 558 1502 homiliis
574 1426 699 1486 Ioannis
714 1425 932 1504 chrysostomi
947 1424 1152 1485 concinnatae
1166 1439 1227 1481 non
1241 1421 1348 1496 quoad
1385 1493 1388 1500 Ι

131 1519 276 1593 formam,
299 1523 352 1581 sed
373 1524 455 1600 quad
477 1524 690 1585 substantiam
712 1524 801 1584 illum
823 1527 983 1584 auctorem
1006 1522 1132 1582 habent.
1160 1521 1191 1580 S.
1216 1521 1347 1580 Ioannes
1396 1597 1399 1608 .

128 1618 372 1696 chrysostomus
394 1619 458 1681 luit
478 1621 530 1680 vIr
553 1621 672 1700 ingenii
694 1610 951 1700 incomparabilis
982 1624 1075 1696 atque
1096 1618 1240 1678 uniuersi
1261 1616 1347 1676 orbis

128 1717 233 1776 lumen
253 1721 285 1776 et
306 1718 433 1778 Ductor.
458 1719 569 1796 Stylus
590 1721 657 1780 eius
678 1721 877 1798 perspicuus,
900 1719 1079 1798 splendidus
1101 1721 1133 1776 et
1154 1716 1271 1777 atticus
1284 1723 1346 1788 est,
1410 1744 1412 1758 ·

128 1815 307 1890 eloquentia
326 1835 428 1877 aurea.
454 1818 560 1878 Editio
581 1817 853 1894 praestantissima
874 1821 924 1880 est
945 1835 1036 1892 quam
1057 1814 1223 1876 adornavit
1244 1831 1293 1890 gr.
1315 1819 1348 1873 et
1428 1883 1430 1889 Ι

127 1913 183 1972 lat.
203 1915 241 1974 B.
262 1915 298 1973 de
319 1914 523 1979 Montlaucon
544 1917 645 1976 Paris.
668 1933 718 1976 en.
742 1917 883 1976 1718·38.
908 1915 985 1976 XIII
1007 1915 1078 1978 Vol.
1101 1913 1134 1971 in
1155 1911 1212 1971 iol.
1235 1929 1347 1972 recusa
1383 1917 1399 1966 ¹.

129 2012 273 2072 Venetiis'
294 2031 344 2072 an.
370 2013 447 2072 1734
468 2045 486 2058 -
507 2014 609 2075 Paris.
631 2033 681 2074 an.
707 2014 821 2075 18391.
993 2009 995 2014 ’

180 2164 189 2206 l
205 2163 277 2207 inter
293 2163 363 2209 alios
377 2163 450 2209 viros
465 2163 510 2222 qui
525 2165 574 2210 hoe
588 2163 676 2209 seculo
691 2165 836 2210 Ecclesiam
852 2164 962 2222 scriptis
977 2163 1154 2209 illustrarunt
1170 2158 1344 2206 enumerandi

129 2235 189 2278 sunt
203 2235 368 2281 adurimus
383 2237 548 2282 urlscoeils
562 2237 863 2291 AUGUSTODUNENSIS,
879 2237 962 2292 (circa
978 2247 1038 2281 ann.
1053 2235 1103 2288 lii)
1125 2233 1152 2278 in
1168 2233 1264 2278 uellite
1280 2232 1348 2278 ceie-

130 2305 270 2360 herniosus,
285 2306 330 2363 qui
346 2317 363 2352 a
377 2310 402 2353 S.
416 2308 563 2364 Augustino
578 2308 649 2354 inter
663 2308 797 2355 Ecclesiae
810 2311 907 2354 Patres
922 2306 1050 2352 retertur.
1060 2341 1062 2362 ,
1072 2305 1185 2362 scripsit
1204 2307 1346 2350 dammon-

130 2380 217 2420 tarios
232 2381 260 2422 in
278 2380 392 2424 Cantica
410 2381 589 2425 canticorum
603 2383 629 2424 ei
646 2368 776 2426 Voluinen
791 2382 924 2426 aduersus
934 2381 1129 2429 monatianum,
1141 2377 1186 2422 sed
1194 2375 1250 2432 ejus
1262 2387 1345 2434 opera

129 2459 240 2504 prorsus
255 2449 401 2506 perierunt.
415 2472 442 2486 -
455 2451 623 2505 JUVENCUS,
638 2451 729 2496 doruii
750 2452 823 2498 circa
847 2461 945 2498 aunum
960 2453 1007 2495 830:
1023 2461 1054 2494 ex
1068 2449 1125 2494 eius
1147 2447 1273 2506 operibus
1297 2447 1348 2493 duo

126 2519 206 2566 hodie
219 2523 321 2576 extant,
336 2521 450 2575 scilicet,
466 2525 603 2568 Historiae
617 2525 794 2576 annaeiieoe
809 2525 874 2568 libri
887 2525 1016 2583 quatuor,
1032 2521 1168 2577 inquibus
1182 2519 1346 2566 hexametrIs

127 2592 259 2648 versibus,
275 2595 361 2640 viiam
377 2598 435 2642 iesu
458 2595 557 2641 christi
579 2595 681 2652 poetice
701 2595 826 2642 decrlbii.
846 2597 899 2640 iioe
914 2605 979 2652 opus
1002 2592 1122 2640 (talasius
1137 2594 1213 2648 Papa
1235 2591 1346 2638 summis

127 2663 255 2710 laudibus
276 2667 382 2712 extollit
403 2669 429 2713 et
451 2667 534 2713 ferme
553 2668 679 2726 operibus
700 2670 741 2712 SS.
759 2669 872 2713 Petrum
893 2666 1134 2724 exsequentium
1156 2667 1187 2706 in
1215 2667 1348 2718 Genesim,

130 2747 181 2792 quo
196 2736 319 2782 versibus
343 2739 469 2796 exprimit
489 2749 669 2796 quascumque
691 2741 790 2794 Moyses
805 2738 832 2783 in
848 2738 904 2783 ioto
921 2738 991 2783 libro
1006 2737 1132 2782 Geneseos
1147 2735 1298 2781 enarravit.
1321 2756 1349 2770 -

129 2808 288 2854 adsueras
302 2810 532 2862 VERGELLENSIS
553 2812 628 2858 cuius
643 2811 720 2857 hodie
741 2811 879 2856 remanent
895 2812 1025 2864 epistolae
1039 2812 1103 2862 tres,
1122 2809 1213 2853 codes
1229 2809 1342 2852 latinus.

127 2880 220 2924 Edidit
231 2881 316 2926 eiiam
330 2883 546 2928 Commentarios
556 2886 663 2928 Eusebit
679 2885 878 2932 Caesareensis,
891 2891 955 2938 quos
965 2881 996 2925 de
1010 2889 1108 2938 graeco
1116 2879 1142 2924 in
1153 2879 1268 2924 laticum
1282 2888 1341 2921 ver·

131 2954 213 3004 terat,
229 2953 295 2998 baec
311 2957 400 3000 autem
417 2955 503 2999 versio
519 2958 635 3000 aetatem
651 2966 701 2999 non
717 2954 790 3000 tulit.
806 2955 886 3000 Extat
902 2951 1013 3008 denique
1027 2951 1111 3008 ipsius
1126 2953 1265 3004 annosam
1280 2951 1345 3004 pidet

127 3024 253 3068 desento
272 3025 404 3069 trinitate
418 3027 444 3070 ei
458 3025 614 3079 Surnholum
634 3025 721 3070 simile
736 3024 927 3078 Athanasium,
943 3034 1011 3080 quite
1034 3032 1117 3078 opera
1133 3031 1222 3066 recens
1237 3021 1345 3066 detecto
1376 3020 1379 3024 ’

129 3093 199 3140 sunt.
213 3117 239 3128 -
253 3097 373 3142 MARIUS
388 3099 573 3142 VICTORINUS
587 3096 694 3152 scripsIt
709 3099 842 3140 adversus
857 3099 953 3140 Arium
963 3097 1055 3139 Libros
1070 3089 1188 3145 cuatuor
1198 3087 1272 3136 more
1288 3091 1346 3138 dia-

133 3165 235 3218 lectica,
255 3169 297 3213 sed
319 3169 398 3215 valde
414 3171 541 3214 abscuros
556 3172 581 3214 et
597 3171 675 3214 caute
690 3167 821 3224 legendos,
844 3167 940 3223 quippe
955 3164 1082 3210 nonnulla
1102 3165 1135 3209 ad
1155 3165 1278 3222 reguiam
1300 3175 1346 3211 ca·

135 3237 261 3283 inolitam
282 3241 367 3286 minus
389 3251 502 3297 expensa
525 3239 692 3286 exhibentes:
712 3242 872 3293 opusculum
893 3239 926 3281 de
947 3237 1114 3289 recipiendo,
1137 3236 1205 3292 quod
1229 3245 1279 3280 non
1301 3237 1342 3280 est

132 3307 185 3353 nisi
200 3310 311 3366 epitome
326 3313 526 3370 praedictorum
550 3311 691 3357 librorum:
709 3313 879 3364 ,opusculum
901 3311 933 3353 oie
951 3311 1130 3360 ueneratione
1150 3309 1237 3351 diuini
1255 3309 1343 3352 Verbi:

85 3386 88 3390 ·
131 3381 256 3434 Eumuos
270 3387 325 3428 ires
340 3386 372 3428 de
391 3385 533 3438 Trinitaie,
547 3385 626 3430 caute
641 3383 747 3440 parlier
762 3382 886 3440 legendos
900 3403 926 3415 -
941 3384 1053 3426 Libellos
1063 3383 1131 3424 dnos
1147 3384 1246 3424 contra
1261 3383 1347 3424 Mani·

131 3455 238 3505 cuneos,
263 3467 376 3512 quorum
399 3457 470 3502 aiter
492 3459 590 3502 eontra
605 3459 659 3501 duo
680 3446 821 3509 principia
835 3455 1061 3500 Manichaeorum
1081 3457 1106 3496 et
1127 3453 1159 3496 de
1180 3463 1247 3497 uera
1263 3461 1347 3498 carne

130 3526 232 3570 carisii
246 3527 415 3581 inscribitur,
431 3529 502 3574 aliar
517 3539 579 3574 vero
594 3528 653 3586 agii
668 3529 699 3573 de
714 3527 803 3572 verbis
818 3527 973 3584 sculpturae
988 3525 1126 3570 «Factum
1142 3525 1181 3568 est
1196 3535 1304 3580 vespere
1319 3525 1345 3569 et

127 3607 207 3644 mane
221 3597 278 3643 dies
291 3609 359 3644 unus
372 3613 386 3637 ν
403 3602 620 3644 Commentarios
631 3605 660 3644 in
672 3603 826 3653 Apostolum
841 3609 888 3643 seu
902 3599 929 3644 in
944 3597 1027 3654 Epist.
1042 3597 1066 3640 S.
1082 3595 1159 3640 Pauli
1174 3595 1209 3640 ad
1224 3596 1346 3650 Galatas,

126 3669 161 3714 ad
176 3669 359 3728 PhIIIppenses
373 3673 399 3716 et
411 3673 443 3718 ad
459 3671 592 3728 Ephesios.
607 3670 719 3716 Dubium
734 3672 774 3716 est
789 3675 950 3724 opusculum
965 3671 998 3713 de
1009 3670 1140 3723 nausias,
1156 3679 1202 3712 seu
1217 3668 1347 3713 adversus

125 3740 188 3786 illos
203 3742 383 3799 philosophos,
397 3744 442 3801 qui
455 3743 622 3801 argumentis
633 3743 751 3800 physicis
767 3743 951 3790 narrationem
962 3739 1109 3786 moenitum
1120 3741 1145 3785 et
1160 3739 1347 3797 evangelicam

127 3813 160 3857 de
174 3813 312 3858 erealIone
326 3816 417 3860 mundi
433 3827 463 3860 ex
478 3815 571 3870 utibile,
586 3815 617 3860 de
632 3815 720 3872 primo
734 3817 851 3872 peccato,
862 3817 910 3860 etc.
926 3813 1129 3870 impugnabant.
1146 3813 1258 3857 Hosius
1273 3813 1347 3857 6οΗ-

80 3924 90 3936 ,
126 3885 279 3930 DUEENSIS
293 3889 342 3931 ΕΡ.
357 3887 465 3944 scripsit
481 3891 557 3941 epist.
573 3889 610 3931 aa
628 3889 819 3932 constantium
843 3886 938 3942 in'qua
953 3897 1013 3930 eum
1028 3886 1125 3939 monet,
1141 3897 1172 3930 ne
1192 3886 1288 3931 contra
1304 3885 1346 3930 ius

125 3967 184 4002 sese
199 3957 279 4002 rebus
294 3958 483 4006 ecciesiasticis
498 3958 669 4004 Immiscerei.
685 3982 710 3993 -
725 3959 877 4004 EUSEBIUS
892 3959 1056 4003 EMESENUS
1074 3957 1101 4013 (ψ
1115 3957 1164 4010 368)
1178 3958 1223 4014 qui
1239 3961 1347 4011 ernost·

123 4031 227 4073 tionem
242 4029 313 4074 dedit
328 4031 457 4087 epistolae
473 4029 507 4075 ad
522 4031 635 4076 (taletas
651 4030 730 4076 libris
754 4031 841 4077 decem
866 4029 1092 4087 comprehensam
1118 4031 1252 4074 Hamillus
1267 4036 1296 4074 tn
1312 4029 1346 4072 E·

121 4103 264 4156 cancellat·
279 4103 305 4146 et
323 4104 555 4148 commentarium
572 4107 600 4146 tu
619 4105 751 4153 Genesim,
764 4114 794 4148 ex
810 4091 905 4159 quibus
913 4101 1017 4146 nonnisi
1027 4099 1182 4158 fragmenta
1193 4101 1345 4158 supersunt
1425 4145 1429 4167 ἱ

121 4173 254 4228 opuscula
269 4174 397 4220 nonnulla
412 4185 520 4232 graeca,
536 4185 604 4231 quae
619 4174 703 4230 ipsius
718 4174 822 4218 nomine
837 4177 943 4220 exstant
954 4173 1056 4232 scilicet
1075 4175 1167 4218 Oratio
1183 4175 1346 4217 deadoenin

122 4248 151 4288 et
166 4249 380 4289 annuntiatione
404 4249 519 4291 loannis
543 4249 682 4300 Baptistae
697 4247 772 4298 antid
786 4248 903 4301 inseros;
922 4247 1014 4290 oratio
1030 4247 1062 4289 cte
1074 4248 1233 4299 proditioue
1248 4245 1345 4298 Indua·

126 4319 223 4361 Oratio
238 4319 267 4360 in
283 4321 436 4361 parasceve
450 4321 475 4362 et
491 4317 645 4374 fragmenta
660 4329 691 4362 ex
707 4317 852 4373 deperditis
867 4317 931 4374 ejus·
945 4316 1070 4374 operibus
1085 4317 1112 4361 in
1128 4327 1208 4361 unum
1232 4315 1345 4376 collecta

124 4399 223 4444 graece
237 4389 311 4435 edita
320 4390 382 4433 sunt
391 4392 439 4434 ac.
448 4390 473 4434 (i.
484 4388 605 4446 Augusti.
614 4385 756 4434 Eiberieldi
766 4399 809 4434 an.
819 4388 880 4432 ieet.
893 4412 919 4423 -
930 4390 1082 4434 ASTEEIUS
1091 4387 1216 4433 Amasiae
1225 4387 1251 4430 in
1262 4387 1345 4432 Ponto

125 4459 272 4516 Episcopus
295 4462 382 4506 multa
406 4461 523 4517 scripsit.
547 4473 578 4504 ex
602 4459 695 4517 qulbus
710 4459 786 4504 hodie
808 4465 950 4518 supersunt
964 4460 1063 4518 viginti
1077 4460 1189 4505 circiter
1209 4461 1346 4512 homiliae,

125 4539 195 4586 quae
210 4532 327 4588 exceptis
336 4533 455 4576 homiliis
464 4533 597 4576 aduersus
605 4535 761 4581 auaritiam,
772 4533 801 4575 in
810 4535 910 4582 fesium
921 4529 1118 4581 Calendarum,
1127 4531 1345 4582 depoenilentia,

125 4604 158 4645 ue
173 4604 274 4648 ieiunio
291 4613 323 4650 ac
338 4605 512 4658 dedicarem,
527 4603 569 4648 vel
584 4603 704 4660 singulos
726 4603 855 4658 quosdam
880 4603 952 4652 locos
962 4606 1064 4652 -Sacrae
1084 4601 1240 4659 scripturae
1253 4602 1347 4659 expla-
