3466 5362
453 419 664 484 laetaminis
683 419 830 478 Siboilills
849 413 888 497 (i.
910 433 938 476 a.
959 411 1042 494 475).
1064 414 1166 492 Opera
1185 409 1266 485 eius,
1287 428 1366 489 quae
1393 427 1490 471 nunc
1512 407 1626 468 extant

393 525 478 584 eunt:
500 517 713 597 Epistolaram
733 515 805 574 iibri
824 531 931 576 nouem
951 547 969 560 -
990 512 1144 573 Carmina
1163 509 1220 571 24.
1695 540 1696 583 ,

449 616 708 680 V1e1n1neTurs.
731 611 786 674 ΕΡ.
806 611 845 694 (t.
866 632 895 674 a.
915 609 998 692 iss).
1020 610 1158 688 Scripsit
1190 609 1300 671 Libros
1330 609 1484 686 quiaque
1517 610 1630 665 corma

390 715 594 796 Eutychatem
615 743 632 758 -
652 712 820 787 Diaiopnm
840 718 948 772 contra
968 711 1113 771 Arianos.
1136 709 1256 770 Dubiae
1278 725 1353 768 vero
1375 710 1461 769 eunt
1484 703 1631 765 auctori-

393 815 471 876 tatis
492 815 617 872 caetera
636 827 729 888 opera
749 810 846 870 eidem
877 809 1050 887 adscripta,
1083 825 1137 867 seu
1158 807 1247 868 Libri
1274 808 1320 867 12
1348 805 1385 866 oie
1419 803 1592 864 Trinitate
1614 835 1630 847 -

393 914 429 973 L.
455 913 485 970 1.
507 910 685 970 densitate
704 915 813 968 contra
832 907 1016 968 Palladiam
1036 907 1194 967 Ariorum
1208 937 1226 952 ·
1247 906 1336 965 nitri
1349 911 1410 965 tres
1420 909 1549 964 contra
1564 901 1635 961 Ma

391 1009 539 1070 rivarium
560 1039 578 1056 -
597 1009 765 1069 Altercatio
784 1025 854 1068 eam
873 1007 1036 1067 Paseeatie
1055 1005 1186 1066 Aliaria.

454 1109 485 1168 S.
507 1110 659 1169 Gruterus
676 1109 714 1168 P.
737 1108 775 1168 R.
797 1102 893 1186 (492).
917 1107 1048 1167 Praeter
1061 1103 1219 1181 Epistolae
1233 1105 1266 1162 et
1279 1104 1441 1162 tractatus
1461 1099 1581 1160 varior
1598 1101 1636 1158 lt-

392 1208 482 1266 bram
503 1205 540 1266 de
559 1205 678 1264 einaim
696 1205 819 1264 nataris
838 1204 872 1261 iri
895 1203 1014 1262 Christo
1035 1201 1181 1263 aduersas
1201 1201 1365 1279 Eutychen
1384 1207 1415 1260 et
1436 1197 1632 1260 Nestorium

394 1304 560 1382 scripsisse
579 1303 774 1380 perhibetur.
794 1303 1086 1363 Sacramentarmm
1104 1317 1193 1373 vero,
1214 1301 1296 1376 quod
1316 1303 1456 1360 vocatur
1483 1299 1634 1359 Galaria

318 1391 336 1451 ἶ
393 1421 469 1462 amm
489 1403 557 1462 sive
577 1402 679 1462 Codex
701 1401 974 1461 sacramentorum
994 1403 1150 1461 Romanae
1171 1398 1334 1458 Ecclesiae
1355 1415 1373 1458 a
1395 1399 1426 1458 S.
1453 1397 1595 1459 Gelasio
1616 1398 1631 1455 I

395 1502 481 1578 Papa
501 1503 537 1559 ut
558 1499 698 1571 videtur,
720 1498 952 1572 concinnatum,
967 1502 1017 1558 est
1029 1499 1106 1558 ordo
1126 1496 1348 1575 liturgicarum
1362 1495 1559 1556 orationum
1576 1512 1631 1572 per

396 1615 525 1659 cursum
545 1597 645 1659 totius
665 1597 740 1657 anni
761 1598 823 1658 iam
843 1617 861 1657 a
884 1596 993 1674 primis
1016 1595 1151 1656 saeculis
1176 1596 1210 1654 in
1237 1611 1365 1655 romana
1386 1594 1546 1654 Ecclesia
1568 1593 1629 1653 usi·
1698 1609 1699 1638 t

396 1701 495 1770 tatus,
517 1714 607 1772 quem
628 1695 771 1758 (talasius
792 1696 825 1755 in
845 1696 1005 1756 meliorem
1026 1694 1160 1773 digessit
1180 1695 1330 1754 ordinem.
1417 1755 1420 1760 Δ

452 1799 634 1858 Gennanms
655 1795 710 1858 ΕΡ.
732 1794 1162 1876 Coeranumoron1ranos(f.
1184 1813 1213 1854 a.
1235 1791 1317 1872 495).
1343 1793 1463 1853 Exstat
1489 1791 1627 1870 epistola

395 1898 457 1968 tias
470 1896 621 1976 amyclica
629 1895 775 1956 adversas
782 1897 957 1966 simoniam,
969 1895 1087 1972 Synodi
1102 1893 1469 1971 Constantinopolitanae
1494 1891 1629 1952 nominc

396 1996 525 2074 scripta.
548 1998 686 2057 Exstant
706 2000 868 2073 praeterea
888 1994 988 2072 ipsius
1010 1995 1110 2054 multa
1129 1993 1293 2071 exegetica
1314 1990 1513 2070 fragmenta,
1540 1991 1628 2050 Gom·
1700 2032 1701 2096 l

395 2099 492 2155 ment.
514 2095 547 2154 in
568 2099 606 2158 V.
628 2100 660 2155 ct
679 2096 719 2156 N.
743 2095 979 2154 Testamentum
1000 2096 1033 2154 et
1053 2091 1231 2172 fragmenta
1251 2091 1357 2168 aliqua
1376 2087 1612 2168 dogmatica.¹
1700 2099 1701 2104 ’

450 2283 461 2326 1
475 2281 559 2338 liujus
572 2281 655 2328 etiam
670 2281 770 2328 saeculi
785 2285 846 2328 sunt
861 2284 973 2342 uterque
987 2285 1141 2330 Pituanius.
1150 2282 1258 2328 Primus
1268 2281 1376 2339 ignotae
1390 2280 1542 2338 cujusdam
1560 2277 1625 2326 civi-

397 2353 472 2410 tatis,
487 2354 595 2411 scripsit
610 2359 755 2408 Dialoaum
769 2358 802 2400 ale
815 2359 871 2401 vita
885 2355 911 2400 S.
926 2359 1044 2402 Joanais
1062 2358 1254 2412 chrysostomi,
1272 2353 1349 2410 cujus
1363 2352 1523 2399 familiaris
1545 2353 1622 2404 erat;

396 2425 467 2472 alter
483 2437 545 2470 vero
559 2429 697 2473 briscorue
711 2429 959 2475 Hunnnoromranus
973 2429 1056 2473 edidit
1071 2429 1216 2473 historiam
1231 2431 1407 2480 Lausianam,
1417 2425 1464 2482 (sic
1475 2427 1589 2473 dictam
1608 2433 1623 2468 a

396 2502 483 2546 Lauso
496 2498 524 2542 in
538 2499 603 2544 aula
618 2498 755 2556 imperiali
770 2500 1001 2555 cubiculario,cui
1015 2511 1076 2546 eam
1090 2500 1266 2558 nuncupavit)
1283 2501 1309 2544 in
1325 2511 1378 2557 qua
1393 2499 1530 2546 describit
1548 2500 1623 2545 vitas

396 2569 633 2617 celeberrimorum
647 2570 763 2616 orientis
776 2573 802 2616 et
813 2572 925 2629 aegypti
940 2573 1133 2620 monachornm
1148 2573 1174 2618 et
1187 2571 1375 2618 eremitarum.
1386 2575 1488 2620 Pennus
1503 2578 1621 2620 onorius
1701 2572 1702 2577 ’

398 2641 480 2688 edidit
495 2645 587 2688 Libros
603 2645 618 2686 i
632 2646 819 2688 ilistoriarum
835 2655 917 2696 usque
931 2643 964 2690 ad
975 2654 1073 2689 annum
1089 2654 1171 2689 aerae
1181 2644 1252 2700 vulg.
1263 2645 1565 2699 ild-Apolocettcum,
1580 2641 1623 2700 qni

397 2717 430 2759 aa
448 2717 559 2758 arbitrii
578 2717 698 2760 lineriaco
719 2715 879 2760 inscribitur
900 2717 995 2761 contra
1017 2716 1188 2773 Pelagianos.
1204 2737 1230 2748 -
1248 2717 1493 2762 Commonitorium
1517 2721 1624 2764 contra

397 2789 629 2832 Priscilliarrlstas
643 2791 669 2830 ct
686 2790 862 2840 eriperistas.
873 2789 1003 2834 Pessimus
1016 2789 1179 2834 cluanensis
1195 2789 1240 2833 ΕΡ.
1250 2789 1529 2842 chamaeleonem
1544 2789 1623 2845 cujus

398 2858 488 2904 fuerat
503 2858 649 2916 discipulus
662 2861 689 2904 et
703 2858 851 2905 familiaris
865 2859 1043 2906 elucubravit.
1054 2881 1080 2894 -
1094 2862 1227 2906 sonneras
1241 2863 1533 2908 wnsrenmnoromnns
1549 2858 1623 2906 dedit

399 2933 550 2976 Historiam
565 2934 665 2976 Eccles.
681 2931 715 2976 ab
727 2941 795 2976 anno
805 2931 845 2974 306
859 2941 940 2986 usque
956 2931 990 2976 ad
1001 2942 1099 2976 annum
1111 2934 1158 2977 439.
1168 2954 1194 2966 -
1206 2934 1327 2977 tinnulis
1341 2934 1491 2979 sozomenus
1507 2930 1621 2988 scripsit

399 3005 531 3048 historiae
545 3005 743 3048 ecclesiasticae
753 3005 846 3046 Iatros
858 3006 873 3046 9
884 3002 919 3047 ab
930 3012 998 3048 anno
1008 3005 1048 3049 323
1057 3014 1138 3060 usque
1153 3003 1187 3050 ad
1199 3014 1296 3050 annum
1306 3004 1355 3047 ise.
1363 3025 1389 3038 -
1399 3005 1525 3052 Sllnilbllls
1536 3001 1622 3051 edidit

402 3077 520 3120 (tarmen
533 3076 679 3125 Panchaia,
694 3085 741 3119 seu
756 3075 921 3121 Mirabilinm
937 3078 1022 3120 libros
1039 3081 1065 3131 5,
1083 3075 1204 3130 versibus
1226 3071 1349 3128 heroicis,
1369 3085 1428 3120 cum
1447 3075 1623 3132 praefatione

401 3146 525 3202 prosaica
542 3146 575 3192 ad
591 3146 772 3191 Macedonium
788 3147 935 3202 Abbaiem,
950 3147 977 3191 in
992 3158 1043 3204 quo
1061 3158 1141 3205 opera
1156 3150 1297 3204 postquam
1318 3146 1465 3203 praecipua
1483 3148 1620 3204 quaedam

400 3217 505 3262 Veteris
519 3217 681 3264 Testamenti
695 3215 770 3262 facta
791 3217 895 3272 retulit,
911 3218 1013 3271 vitain,
1027 3218 1195 3284 passionem,
1210 3219 1333 3271 mortem,
1349 3217 1578 3264 resurrectionem
1593 3217 1620 3260 et

402 3289 580 3334 ascensionem
596 3290 624 3332 D.
638 3290 668 3333 N.
682 3291 742 3333 lesu
756 3287 855 3332 christi
870 3289 980 3344 pulchre
994 3289 1130 3336 describit.
1147 3291 1183 3334 nb
1197 3300 1228 3334 eo
1247 3288 1353 3345 pariter
1374 3289 1475 3346 prodiit
1499 3291 1620 3336 collatio

404 3362 457 3404 Vei.
471 3363 497 3402 et
510 3361 578 3404 Noai
595 3361 758 3404 Testamenti
767 3359 895 3414 (Hymnus
905 3361 935 3413 Ι).
945 3363 1144 3405 -ncroetionis
1159 3360 1246 3409 vitam
1260 3359 1360 3406 christi
1373 3361 1518 3415 continens,
1527 3364 1622 3418 (Hym-

401 3439 452 3474 nus
465 3429 508 3484 11).
523 3430 648 3475 sturmius
668 3431 713 3474 ΕΡ.
734 3429 904 3494 Garrvnpsrs,
919 3429 995 3486 cujus
1015 3429 1120 3476 nomine
1141 3431 1230 3476 exstat
1249 3429 1327 3475 hodie
1349 3433 1443 3474 Brevis
1462 3433 1620 3485 Eapltcailo

401 3503 517 3554 mastica
532 3503 563 3544 in
576 3501 728 3545 Parabolas
741 3500 896 3545 Salomonis
912 3500 1432 3558 (eeuDialogiduo‚unusin1'roverbia,
1444 3502 1515 3548 alter
1530 3503 1557 3548 in
1570 3505 1620 3547 ilc·

400 3570 561 3627 cleslasten).
576 3573 738 3618 cinnameus
753 3573 900 3618 Maunnrue
914 3572 1054 3629 complura
1070 3573 1195 3618 exaravit
1210 3582 1308 3629 opera,
1322 3571 1392 3617 inter
1412 3583 1481 3629 qnae
1498 3573 1618 3620 eminent

400 3647 437 3688 De
451 3647 526 3688 stata
541 3646 651 3688 animae
667 3646 729 3688 libri
744 3647 799 3688 tres
820 3646 916 3690 contra
937 3645 1065 3708 Faustum
1081 3643 1235 3700 distensam,
1250 3644 1295 3699 qul
1317 3647 1471 3690 asseruerat
1493 3647 1616 3693 animam

351 3709 355 3717 “
400 3713 515 3760 hominis
529 3725 580 3760 non
595 3725 652 3761 esse
667 3714 870 3772 incorpoream
885 3725 945 3760 cum
960 3715 1028 3759 nibil
1043 3715 1078 3760 sit
1095 3715 1280 3771 incorporeum
1300 3717 1410 3770 praeter
1426 3717 1511 3762 solum
1527 3721 1618 3764 Deum.

401 3787 474 3831 lianc
488 3786 648 3832 seutentiam
662 3797 803 3832 erroneam
819 3786 884 3832 adeo
895 3786 1037 3832 ¹subtiliter
1059 3787 1174 3832 destruit
1189 3787 1347 3840 Mamertus,
1361 3793 1391 3832 ut
1413 3787 1471 3844 ipse
1486 3789 1514 3834 in
1530 3791 1618 3836 alium

402 3856 542 3914 quemdam
557 3859 709 3915 oppositum
723 3859 836 3904 labatur
852 3869 981 3912 errorem,
996 3858 1100 3915 angelis
1114 3858 1198 3904 etiam
1213 3867 1329 3913 corpora
1345 3858 1474 3906 tribuens.
1489 3863 1555 3908 Sunt
1571 3859 1618 3919 qui

403 3929 549 3974 Claudiano
570 3931 695 3986 hymnum
709 3932 826 3988 «Pange
848 3931 942 3988 lingua
961 3929 1074 3986 gloriosi
1096 3913 1232 3987 proelium‘
1249 3929 1406 3976 certaminis
1421 3933 1616 3986 »adscribant

402 4011 479 4058 quem
489 4003 579 4046 tamen
590 4001 779 4055 allivvenantio
790 4003 938 4048 Fortunato
948 4001 1092 4048 vindicant.
1101 4003 1233 4048 nucerina
1242 4001 1287 4046 ΕΡ.
1295 4003 1500 4049 lnnrneetnmn.
1507 3995 1617 4062 aci-ipsit

403 4075 606 4124 professionem
618 4074 683 4126 nelei
697 4075 897 4118 catholicorum
911 4075 1115 4127 Epicureorum.
1139 4076 1268 4120 bacarius
1282 4075 1435 4121 Bizenmnue
1454 4075 1616 4132 professione

403 4143 586 4194 scholasticus.
596 4143 733 4200 oppositas
740 4143 961 4190 nestorianorum
971 4147 997 4190 ei
1008 4145 1235 4202 {eutychianorum
1244 4143 1368 4190 haereses
1379 4146 1533 4194 debellavit.
1544 4148 1615 4196 Scri-

403 4218 452 4274 pta
465 4215 488 4272 ej
494 4205 522 4260 u's
536 4217 597 4260 snut
611 4213 720 4260 Scholia
734 4226 779 4260 seu
796 4219 873 4260 iiber
889 4218 921 4261 ite
934 4220 1016 4262 sectis
1032 4215 1156 4262 indecem
1168 4215 1294 4261 lectiones
1305 4217 1526 4265 distributus.1bi
1537 4219 1616 4278 prae-

405 4285 490 4334 mittit
505 4287 565 4333 linei
581 4287 769 4345 professionem
783 4290 809 4334 et
825 4279 952 4335 canonem
966 4291 991 4334 S.
1005 4289 1171 4345 scripturae,
1192 4287 1338 4345 adjungens
1353 4293 1521 4348 conspectum
1536 4303 1615 4349 prae·

380 4412 383 4425 ¹
403 4360 545 4416 cipuarum
559 4359 591 4404 de
600 4359 734 4404 trinitate
743 4361 770 4404 et
784 4361 972 4407 lucarnatione
982 4361 1135 4414 haereseon,
1152 4363 1268 4406 recenset
1279 4362 1376 4407 Patres
1386 4367 1466 4420 etque
1481 4367 1612 4418 Doctores,

402 4429 563 4486 objectiones
577 4429 805 4485 eutychianorum
820 4432 944 4479 destruit.
964 4433 1002 4478 Ab
1016 4443 1047 4478 eo
1060 4432 1145 4478 etiam
1160 4433 1284 4490 prodiere
1299 4437 1372 4480 Libri
1386 4438 1439 4478 tres
1451 4441 1550 4482 contra
1565 4429 1623 4482 lle-⁴

403 4506 542 4548 sior-iarios
562 4505 589 4550 et
603 4505 824 4558 Eatachiaaos-
837 4507 911 4549 iibri
926 4508 941 4549 7
957 4508 1056 4550 eontra
1075 4506 1254 4550 Nestor-tanos
1266 4527 1292 4542 -
1306 4508 1384 4550 biber
1401 4511 1500 4554 eontra
1525 4511 1615 4555 Mono-

402 4574 590 4652 nhasitas'eeu
616 4575 785 4634 quaestiones
799 4575 926 4623 adversus
939 4587 992 4632 eos,
1013 4576 1059 4632 qui
1080 4585 1162 4624 unam
1178 4576 1268 4624 dicuni
1288 4580 1417 4626 naturam
1435 4581 1610 4638 compositam
