3404 5360
641 343 683 362 ...
702 313 741 374 73
759 345 800 362 ..

102 413 146 471 De
164 411 382 487 vegetabilibus
400 419 430 473 et
444 413 563 491 plantis
574 411 611 475 Ι..
627 411 660 472 7.
681 412 724 473 De
739 411 905 490 principiis
923 420 1023 474 motus
1032 416 1225 493 progressioi
1238 417 1277 477 L.
1294 417 1326 478 1.

102 510 146 568 De
161 525 305 586 processu
316 511 525 571 uniuersitatis
543 528 565 571 a
583 505 794 588 cama'prtma
807 511 843 572 L.
858 513 888 571 1.
904 511 1069 590 Speculum
1082 515 1323 575 astronomicum

101 607 136 664 in
157 623 218 683 quo
239 607 277 668 cte
296 609 381 668 libris
407 608 498 668 licitis
526 613 556 669 et
574 609 689 670 illicitis
701 627 703 634 ⁴
712 615 940 687 pertractatur.
962 641 983 658 -
1004 612 1090 672 Tam.
1113 609 1166 673 VI.
1187 613 1230 673 De
1251 612 1322 673 cni·

99 705 236 764 malibus
243 706 280 766 L.
291 707 348 768 26.
360 739 382 754 -
392 708 427 768 Τ.
449 707 519 770 Vll.
545 707 768 770 commentarii
787 707 822 766 in
837 707 984 769 Psalmcs.
996 741 1017 756 -
1029 710 1114 770 Tam.
1130 709 1216 771 VlIl.
1238 705 1331 771 Com-

99 805 253 864 mentarii
270 806 304 863 in
328 803 462 867 Phr-enos
481 805 586 867 lerem.
612 806 696 867 Gom.
717 806 750 865 in
768 808 904 868 Baruch.
920 839 942 855 -
958 807 1043 868 Corn.
1055 810 1089 868 in
1099 809 1218 870 Danml.
1238 809 1326 870 Gom.

100 906 138 963 in
164 907 209 966 12
229 905 377 984 Prophet.
399 905 542 966 minores.
558 905 626 967 -Τ.
647 905 703 966 IX.
719 905 803 966 Gom.
824 907 859 964 in
871 906 987 968 Matth.
1002 939 1024 953 -
1038 906 1123 967 Gom.
1146 909 1180 967 in
1193 893 1294 968 Marc.
1306 941 1328 956 -

101 1005 140 1063 T.
164 1005 204 1065 X.
230 1001 314 1064 Com.
337 1004 371 1061 in
391 1005 510 1064 Lucam
529 1035 550 1050 -
569 1004 605 1064 Τ.
627 1003 682 1066 XI.
708 1003 815 1064 comm
840 1005 875 1063 in
895 1005 937 1065 lo.
957 1037 978 1052 -
1001 1004 1086 1066 Gom.
1100 1007 1134 1064 in
1147 1007 1281 1085 Apocal.
1306 1041 1327 1056 -

102 1103 137 1162 T.
152 1103 226 1163 XII.
240 1101 401 1163 Sermones
414 1102 452 1162 de
472 1109 606 1180 tempore
619 1133 637 1148 -
649 1103 810 1163 Orationes
822 1120 916 1180 super
929 1104 1054 1180 avane.
1066 1105 1215 1165 Dominio.
1238 1107 1331 1166 totius
1437 1159 1439 1165 .

102 1202 193 1260 anni.
214 1234 235 1248 -
254 1200 414 1261 Sermones
434 1200 471 1282 de
489 1201 612 1262 Sanctis
623 1233 645 1247 -
657 1199 819 1262 Sermones
831 1203 877 1262 32
892 1201 929 1261 ee
953 1201 1023 1262 Suc.
1048 1203 1277 1264 Eucharistiae.
1305 1237 1325 1252 -

102 1301 198 1359 Liber
217 1297 255 1358 de
273 1300 401 1360 muliere
420 1301 509 1376 sorti.
531 1331 552 1346 -
571 1301 607 1360 Τ.
630 1300 719 1361 XIII.
743 1299 827 1360 Oom.
842 1301 876 1359 in
892 1301 929 1360 B.
944 1301 1070 1380 Dionys.
1084 1301 1321 1379 Areopapitam.

103 1396 330 1476 Compendium
343 1397 527 1474 theologicae
540 1399 679 1458 veritatis
691 1399 728 1457 L.
745 1399 777 1458 7.
799 1432 821 1445 -
840 1399 877 1459 Τ.
893 1399 979 1462 XIV.
996 1399 1081 1460 Gom.
1097 1401 1130 1458 in
1147 1401 1164 1460 1
1183 1399 1233 1460 lib.
1245 1401 1330 1462 Sen-

105 1497 289 1555 tentiarum.
311 1527 332 1542 -
351 1498 387 1557 Τ.
410 1498 479 1558 XV.
505 1495 588 1555 Com.
609 1497 643 1554 in
662 1498 696 1557 2.
720 1504 749 1558 et
768 1501 800 1558 3.
830 1499 881 1558 lib.
909 1498 995 1558 Sent.
1018 1529 1039 1544 -
1060 1498 1097 1558 T.
1123 1499 1210 1560 XVI.
1235 1499 1321 1560 Gom.

100 1595 137 1652 in
158 1592 191 1653 4.
209 1595 229 1653 1.
246 1595 330 1653 Seni.
354 1625 370 1640 -
386 1596 422 1655 Τ.
438 1597 539 1658 XVII.
563 1599 608 1657 I.²
626 1613 705 1674 pars
724 1595 871 1658 Summae
895 1596 1085 1672 Theolopiae.
1105 1628 1125 1642 -
1146 1597 1183 1657 T.
1205 1597 1323 1660 XVIII.

102 1695 168 1753 Il.a
187 1695 356 1770 pars-T.
379 1695 457 1756 XIX
489 1695 620 1755 Summa
634 1695 671 1756 cle
684 1698 835 1757 uenturis
853 1697 886 1756 2.
904 1703 1023 1774 partes.
1039 1697 1076 1755 Τ.
1093 1695 1164 1756 XX.
1190 1696 1327 1756 Maricla

101 1810 156 1851 seu
169 1794 358 1869 quaestiones
368 1795 438 1853 230
449 1811 540 1871 super
550 1815 566 1850 e
578 1795 687 1854 Missus
696 1802 747 1856 eet.
762 1797 832 1855 »De
842 1793 983 1875 laudibus
991 1796 1030 1853 B.
1042 1794 1179 1870 Virginis
1190 1793 1227 1852 L.
1242 1794 1296 1852 12.
1311 1827 1328 1842 -

103 1891 209 1950 Biblia
229 1891 389 1951 Mariana.
413 1925 434 1938 -
452 1893 539 1953 Tum.
563 1893 649 1955 XXI.
670 1893 866 1954 Miscellanea
880 1894 966 1953 sive:
990 1891 1027 1952 cle
1040 1885 1288 1970 apprehensione
1302 1899 1331 1952 et

102 1991 357 2067 apprehensionis
376 1991 466 2051 mocio
486 1993 523 2051 L.
546 1993 576 2052 1.
600 1991 797 2070 Philosophia
813 2007 991 2070 pauperum
1005 2009 1047 2051 so.
1070 1991 1198 2067 lsapope
1218 1991 1252 2048 in
1273 1990 1324 2050 lib.
1348 2017 1350 2024 v

101 2089 278 2149 Aristotelis
297 2089 335 2149 cte
350 2091 476 2168 physico
499 2089 623 2162 auditu,
648 2089 686 2150 de
710 2091 791 2150 caelo
812 2090 991 2164 aimundo,
1016 2089 1054 2149 de
1077 2089 1279 2166 pennatione
1301 2095 1330 2149 et

103 2189 312 2265 corruptione,
335 2185 372 2248 de
392 2187 535 2248 Meteoris
554 2195 583 2250 ct
602 2187 640 2248 cle
652 2190 771 2248 anima.
792 2221 813 2236 -
825 2190 869 2249 De
881 2189 1040 2268 Sacrificio
1054 2187 1165 2248 Missae
1178 2188 1215 2247 L.
1234 2189 1265 2247 1.
1284 2188 1330 2248 De

106 2285 246 2346 Sacram.
264 2287 461 2347 Eucaristiae
474 2288 510 2347 L.
529 2288 560 2346 1.
581 2319 602 2333 -
622 2285 795 2347 Paradisus
814 2289 938 2348 animae
960 2293 988 2347 et
1008 2285 1044 2346 sie
1058 2283 1224 2344 uirtutibus
1237 2285 1330 2345 libel-

106 2386 167 2444 lus.
187 2418 208 2431 -
228 2386 271 2445 De
290 2385 488 2446 adhaerendo
508 2387 569 2446 Deo
599 2385 735 2446 libellus.
760 2389 803 2446 lle
821 2387 978 2466 olohymia
998 2387 1034 2444 L.
1061 2387 1091 2444 1.
1116 2385 1267 2445 Albertus
1290 2385 1322 2444 in

104 2485 187 2544 omni
209 2501 321 2563 genere
349 2485 552 2546 scientiarum
573 2485 759 2562 praesertim
784 2486 986 2563 physicarum
1008 2485 1055 2544 lte
1077 2487 1224 2544 versatus
1246 2483 1323 2557 fuit,

104 2587 141 2643 ut
163 2582 285 2661 magice
306 2583 411 2643 cultor
432 2583 567 2662 insignis
588 2602 607 2643 a
627 2585 751 2644 coaevis
772 2583 893 2660 aliquot
913 2582 957 2643 stt
977 2583 1116 2643 habilae.

166 2682 363 2744 Merrunsus
383 2683 478 2744 Panis
499 2683 646 2744 Mouscu'.
668 2681 784 2763 (1245).
800 2681 936 2759 Collegit
951 2681 1124 2742 Historiam
1143 2697 1250 2741 rorum
1271 2697 1329 2740 an·

93 2775 306 2856 'pli'cunarum
326 2781 364 2839 ab
385 2797 469 2840 anno
492 2781 581 2841 1067
603 2799 699 2858 usque
718 2781 762 2841 ad
782 2799 834 2841 an.
860 2779 962 2840 1259.
1312 2860 1316 2870 ¹

164 2880 365 2946 Succusanus
384 2881 580 2944 Percussus
600 2879 717 2961 (1245).
741 2882 818 2958 Ejus
840 2897 934 2958 opere
949 2883 1041 2940 suut:
1066 2878 1104 2939 dc
1122 2878 1157 2939 S.
1177 2879 1331 2939 Prinitate

105 2977 173 3037 Lib.
199 2979 230 3036 1.
253 2975 290 3036 cle
306 2977 410 3054 primo
427 2979 583 3055 principio
609 2979 659 3038 lib.
685 2981 715 3038 1.
738 2980 781 3039 De
800 2979 1012 3040 Sacramentis
1031 2977 1098 3037 Lib.
1118 2979 1147 3036 1.
1164 2978 1230 3037 Cur
1249 2977 1331 3038 Deus

105 3077 196 3135 homo
218 3077 234 3136 l
243 3120 250 3134 .
270 3075 401 3136 Summa
418 3076 571 3134 uirtutum
588 3078 618 3135 l.
632 3076 764 3137 Summa
778 3078 924 3136 citiorum
941 3078 972 3136 1.
989 3077 1033 3135 De
1045 3073 1108 3153 fide
1121 3081 1151 3134 et
1165 3067 1282 3150 lapibus
1299 3075 1329 3134 1.
1428 3065 1431 3071 ’

106 3173 144 3234 cle
166 3175 330 3234 animabus
348 3175 508 3233 hominnm
534 3175 564 3234 1.
585 3173 622 3234 de
643 3175 719 3234 bono
739 3181 769 3235 et
788 3175 871 3234 malo
895 3176 925 3236 1.
948 3171 1149 3234 deuniuerso.
1167 3171 1241 3232 δάε
1250 3189 1330 3251 pro-

104 3272 236 3348 (ossium
255 3272 454 3345 novitiorum,
479 3274 510 3332 1.
532 3271 569 3333 de
589 3257 668 3332 dono
694 3273 848 3345 scientiae,
873 3274 904 3331 1.
929 3271 967 3331 cle
996 3270 1136 3348 operibus
1162 3272 1342 3343 uirtutum„

109 3372 139 3430 1.
160 3369 198 3430 de
217 3369 363 3453 remediis·
378 3371 585 3431 tentationum
600 3372 616 3431 1
621 3389 630 3432 ¹.
649 3371 686 3431 cle
695 3369 880 3448 pluralitate
893 3369 1118 3449 beneficiorum,
1135 3367 1172 3430 ete
1192 3371 1329 3430 claustro

106 3470 234 3529 animae
243 3469 294 3528 lib.
311 3471 340 3528 1.
354 3469 391 3530 cle
404 3470 559 3530 rethorica
569 3469 677 3530 diuina
688 3471 718 3529 1.
730 3469 966 3547 inpoenitentia
982 3469 1012 3527 1.
1027 3467 1064 3528 de
1074 3462 1282 3529 daemonibus.
1297 3470 1327 3529 1.

96 3568 141 3625 'in
158 3568 365 3638 Laeuinorum,
384 3569 413 3627 1.
429 3569 463 3626 in
478 3568 679 3640 Psalterium,
696 3569 726 3628 1.
737 3569 770 3627 in
787 3570 880 3627 Pron.
890 3567 1076 3638 Salomonis,
1094 3567 1125 3626 1.
1136 3567 1171 3624 in
1180 3569 1332 3632 Ecclesia·

104 3667 219 3738 sten,1.
232 3666 266 3725 in
276 3666 408 3726 Cantica
418 3667 622 3750 canticorum,
636 3669 666 3726 1.
681 3667 713 3724 in
723 3666 931 3741 Evangelium
942 3664 1071 3736 Macen,
1087 3666 1117 3724 1.
1128 3664 1326 3738 Sermonum,

109 3766 139 3823 1.
152 3763 378 3842 Epistularum,
404 3767 433 3824 1.
456 3763 493 3824 cle
513 3764 684 3838 comneno,
700 3763 737 3824 de
752 3764 939 3842 pluralitate
960 3763 1174 3842 beneficiorum
1197 3765 1332 3825 ecclesia·
1412 3765 1415 3769 ’

108 3863 258 3922 sticarum
279 3869 431 3923 tractatus
451 3863 523 3922 duo.

167 3960 363 4022 Vincsumus
383 3962 642 4024 Bsuuovscsusls.
664 3962 700 4022 0.
724 3949 793 4022 PP.
807 3958 926 4042 (1245).
960 3957 1095 4020 Litteris
1128 3959 1333 4039 consignavit

106 4065 244 4136 quatuor
255 4059 389 4135 specula,
410 4061 600 4134 Doctrinale‚
610 4060 790 4133 Historiale,
801 4059 957 4120 Naturale
971 4065 1001 4119 et
1013 4059 1147 4121 Morale.
1162 4061 1330 4138 Speculum

108 4156 286 4217 Doctrinale
300 4158 442 4218 continet
458 4159 526 4219 Lib.
546 4159 583 4218 17
596 4163 628 4218 et
640 4162 759 4220 tractet
773 4159 809 4219 de
824 4158 967 4218 omnibus
980 4157 1124 4218 scientiis
1137 4179 1146 4233 3
1163 4159 1330 4221 Historiale

108 4255 331 4344 complectitur
345 4256 399 4318 lib.
415 4258 452 4319 31
468 4261 501 4317 et
515 4257 615 4318 tradit
634 4255 786 4316 historias
807 4257 846 4316 ab
867 4256 960 4316 initio
980 4253 1087 4316 muudi
1102 4273 1199 4333 usque
1220 4259 1258 4320 ed
1279 4277 1336 4318 su-

109 4375 182 4416 num
213 4352 312 4427 1224,
349 4355 381 4413 iu
401 4357 499 4432 Opere
520 4359 625 4416 tamen
646 4357 796 4428 Wetuer,
817 4359 851 4415 ot
872 4355 979 4418 Wolte
1008 4356 1095 4415 Tam.
1123 4355 1192 4426 XI,
1214 4374 1245 4433 p.
1262 4355 1333 4421 695.

108 4454 275 4523 asseritur,
298 4453 355 4512 hes
377 4453 528 4514 historias
550 4454 588 4513 ab
603 4453 696 4513 initio
717 4454 822 4513 mundi
844 4454 1000 4532 usquead
1021 4449 1071 4512 an.
1090 4450 1167 4512 1254
1180 4456 1327 4532 progredi

109 4559 219 4616 contre
239 4553 421 4614 Bellermiui
448 4571 484 4612 ee
512 4552 544 4611 in
572 4569 605 4612 re
635 4552 850 4612 assertionem.
872 4551 1096 4613 Continuatum
1120 4551 1229 4612 deinde
1264 4553 1331 4618 luit
