3404 5360
388 368 531 430 secundis
553 368 619 446 ipse
635 367 721 428 curis
743 366 834 428 auxit
847 366 921 428 etin
935 365 1040 444 plures
1055 369 1131 429 tam.
1145 366 1257 432 divisit
1271 367 1402 430 adiecta
1416 363 1617 426 enarratione

387 467 654 545 cbronoprapbiec
674 473 703 526 et
722 465 933 543 peoprapbico
953 497 974 512 -
993 465 1132 526 Eccnsia
1151 467 1300 542 africana
1318 467 1378 526 snb
1395 465 1541 544 fimeta
1554 481 1618 523 aar·

388 566 510 642 thapin.
523 597 544 612 -
557 565 692 624 Sacrum
704 565 923 626 antiochenum
943 564 1118 626 canalium.
1141 595 1159 612 -
1180 564 1322 626 Plurima
1343 567 1458 626 eutem
1474 560 1621 639 vulgavit

388 666 540 726 adversim
562 664 640 724 cleri
662 663 813 741 gallicani
834 664 1076 725 declarationem
1097 659 1271 724 cuiusmodi
1285 668 1362 726 sunt
1396 660 1558 740 opuscula
1576 660 1621 720 in-

389 762 509 840 scripta
528 762 571 821 De
591 761 734 837 lupendis
753 762 829 822 actis
848 761 922 822 cleri
940 762 1092 838 pellicem
1111 764 1313 838 conprepati3
1340 762 1382 824 de
1401 779 1498 822 sensu
1520 767 1552 822 et
1569 777 1624 820 au-

388 861 532 921 ctoritate
545 859 737 920 decretorum
748 859 838 920 Cana.
851 861 1066 921 constantiens.
1080 877 1149 920 sess.
1164 859 1188 920 4
1201 866 1230 920 et
1243 860 1266 918 5
1279 893 1298 906 -
1308 862 1351 922 De
1366 853 1495 938 discipl.
1512 859 1622 918 arcani
1666 846 1667 936 l

388 966 497 1021 eontra
511 958 750 1036 disputationem
764 959 892 1019 Ernesti
909 958 1057 1020 Tentaelii
1071 988 1088 1006 -
1102 945 1282 1020 &tentatio
1303 959 1342 1022 de
1355 957 1557 1019 auctoritate
1566 973 1624 1033 pa

389 1057 551 1118 triarabali
565 1064 594 1117 et
606 1058 829 1134 metropolitica
844 1058 995 1118 adversus
1017 1057 1137 1135 scripta
1150 1057 1188 1118 ab
1204 1058 1260 1118 Ed.
1277 1056 1496 1135 Stilltngflcct
1512 1087 1529 1104 -
1545 1059 1624 1116 Acta

359 1195 362 1204 Α
389 1156 547 1216 maniis
561 1157 712 1216 Ecclesiae
733 1163 842 1217 contre
860 1155 992 1216 Lutheri
1012 1155 1182 1216 haeresim.

448 1256 651 1316 Lnnnnnrnns
671 1256 872 1317 ancirrns
893 1271 932 1314 nn
951 1255 1074 1316 Lanam
1095 1254 1130 1314 Ο.
1155 1253 1234 1314 Mrn.
1256 1253 1351 1314 Oonv.
1372 1251 1409 1333 (†
1444 1250 1554 1328 1693).
1576 1249 1622 1310 Ab

389 1353 457 1412 Inn.
473 1352 520 1412 XI
535 1351 618 1412 inter
631 1351 812 1412 cardinales
827 1351 989 1428 cooptatus
1003 1352 1095 1428 plura
1112 1351 1242 1427 reliquit
1255 1349 1503 1428 sapientissima
1514 1365 1621 1426 opere,

389 1449 473 1508 inter
502 1467 580 1526 qnae
609 1449 745 1511 eminent
775 1449 1007 1510 Commentario
1037 1451 1071 1509 in
1098 1447 1214 1510 aaa
1240 1448 1291 1510 lib.
1311 1454 1447 1510 sentent.
1483 1444 1621 1508 doctoris
1671 1446 1672 1536 l

390 1546 515 1608 subtilis
536 1579 552 1592 -
576 1547 729 1624 Opusculc
749 1548 812 1608 tria
833 1548 870 1608 de
889 1549 951 1608 Dea
972 1579 989 1594 -
1010 1549 1154 1626 Epitcme
1167 1565 1321 1610 cananum
1335 1548 1497 1621 omnium,
1521 1545 1620 1622 quiin
1672 1568 1673 1624 p

389 1645 523 1706 conniiis
540 1663 614 1722 pen.
635 1652 664 1706 et
679 1663 768 1726 praa
790 1664 885 1723 usque
904 1646 947 1706 cd
966 1647 1056 1708 Aac.
1084 1647 1144 1707 VII
1158 1634 1368 1710 continentur.
1673 1688 1674 1718 t

448 1746 618 1807 Pnrmrrns
638 1763 678 1806 nn
698 1746 829 1807 Anonos
851 1747 882 1807 S.
906 1746 930 1806 Ι.
954 1745 991 1826 (i
1013 1743 1114 1824 1695).
1137 1745 1214 1806 Eius
1239 1749 1471 1822 extantopera
1495 1743 1543 1803 De
1561 1742 1618 1802 Deo
1674 1808 1675 1814 ἵ

269 1911 271 1922 ,
388 1845 510 1918 amente,
533 1843 799 1920 praedestinante,
821 1851 850 1904 et
869 1845 1045 1905 aemilianae
1063 1875 1084 1890 ··
1102 1845 1146 1906 De
1166 1843 1229 1904 div.
1267 1843 1358 1909 Verbi
1378 1840 1619 1909 incarnatione,

389 1949 419 2002 et
437 1941 587 2020 redempt.
606 1960 676 2019 pen.
699 1944 784 2003 bum.
806 1976 822 1989 -
852 1944 896 2004 De
926 1943 1048 2004 immine
1077 1943 1240 2006 moraliter
1270 1951 1300 2002 ct
1324 1940 1620 2020 supernaturaliter
1675 1928 1676 1950 ¹

389 2047 546 2120 operante.
1676 2048 1677 2062 ¹

449 2140 627 2201 Lunavrons
661 2141 880 2204 Tnanssmnns
911 2137 1119 2220 (Tnannssrn)
1146 2139 1183 2220 (i
1216 2136 1317 2218 1695).
1345 2139 1488 2216 Scripsit
1519 2135 1617 2198 latine
1677 2168 1678 2172 =

293 2281 296 2294 .
389 2238 619 2297 mutationes
646 2239 680 2296 in
709 2238 838 2298 concilia
866 2239 1028 2314 peneralin
1057 2245 1086 2298 ct
1114 2239 1238 2316 provin.
1273 2238 1387 2316 gallice
1419 2239 1618 2312 Remarques

389 2353 443 2395 sur
465 2336 504 2395 les
523 2336 649 2396 conates
669 2369 686 2382 -
707 2337 869 2398 Memoircs
887 2356 942 2396 sur
962 2339 993 2397 la
1013 2353 1108 2414 praee
1126 2369 1147 2384 -
1166 2338 1322 2399 Annuus
1345 2343 1375 2396 et
1396 2335 1541 2399 nouvelle
1573 2331 1617 2390 di·

389 2433 518 2510 sciplina
539 2433 576 2495 de
597 2432 615 2491 l’
626 2434 732 2508 Eplise
752 2437 899 2494 touchant
918 2435 959 2494 les
978 2435 1161 2514 Beneficiers
1174 2467 1191 2482 ·
1205 2437 1289 2525 quod
1300 2452 1378 2512 opus
1399 2435 1433 2494 in
1447 2433 1616 2496 meliorem

391 2532 530 2591 ordinem
550 2533 711 2592 redactum
730 2532 826 2593 latine
851 2531 987 2594 reddidit
1008 2537 1040 2594 et
1064 2532 1165 2594 variis
1188 2533 1443 2596 annotationibus
1475 2529 1616 2608 locuple·

355 2639 358 2645 '
391 2633 492 2690 tetum
513 2629 609 2690 edidit
630 2632 670 2692 al.
692 2632 806 2692 Menai.

450 2728 546 2790 Gran.
568 2729 780 2792 Cmnnsrrnns
801 2729 980 2792 Srannanm
1001 2731 1036 2790 0.
1059 2731 1091 2792 S.
1113 2731 1191 2794 Ben.
1213 2729 1249 2810 (i
1273 2731 1372 2806 1696).
1394 2731 1497 2794 Plura
1523 2730 1615 2808 plane

392 2825 520 2904 egregia
540 2826 670 2903 reliquit
691 2845 796 2905 opera,
818 2828 901 2888 inter
921 2847 1001 2906 qnae
1022 2830 1189 2907 praecipua
1210 2834 1284 2891 sunt
1299 2831 1413 2890 Cursus
1425 2827 1617 2908 pbiloscpnt

390 2915 443 2984 cus
452 2924 654 3000 scapellensis
663 2959 680 2972 -
692 2926 867 3004 Disputatio
882 2926 921 2988 de
935 2928 1001 3004 lepe
1013 2929 1047 2988 in
1055 2929 1308 3006 praesumptione
1315 2929 1455 3005 fundata
1464 2963 1483 2976 -
1498 2927 1615 3007 limate

391 3021 597 3082 sacedotium
616 3041 694 3082 rom.
713 3025 870 3104 pontificis
882 3033 1033 3088 amentum
1048 3034 1078 3088 et
1090 3034 1226 3103 quatuor
1234 3028 1495 3105 propositionibus
1516 3026 1616 3106 capli-

391 3127 508 3194 catum‚
531 3122 589 3180 sub
610 3122 733 3181 nomine
753 3123 833 3201 Eug.
857 3124 1035 3186 Lombardi.
1062 3126 1166 3186 Huius
1197 3125 1300 3203 operis
1322 3125 1411 3186 velut
1429 3125 1514 3188 alter
1534 3131 1611 3190 tom.

392 3222 440 3278 est
462 3217 565 3278 Gallia
579 3219 739 3282 vindicata
753 3253 770 3268 -
784 3221 963 3282 Innocentio
982 3222 1141 3284 vindicata
1166 3223 1200 3284 in
1220 3241 1282 3300 quo
1302 3241 1406 3300 opere,
1430 3225 1611 3302 angelicum

393 3316 548 3374 doctorem
569 3317 802 3378 immaculatum
830 3319 922 3396 Virg.
954 3326 1137 3398 conceptum
1168 3340 1230 3383 non
1262 3339 1405 3399 negasse,
1430 3323 1484 3384 sed
1505 3322 1612 3400 potius

393 3411 548 3484 docuisse,
570 3414 705 3474 ostendit
725 3445 742 3460 -
761 3412 955 3493 Nepotismus
985 3419 1149 3494 theolopicc
1181 3435 1329 3496 appensus
1350 3449 1367 3464 -
1388 3415 1496 3480 Nodus
1515 3435 1614 3498 prae-

393 3507 606 3568 destinatianis
631 3515 781 3586 quantum
812 3513 930 3574 homini
952 3515 1048 3589 licet,
1071 3517 1256 3589 dissolutus,
1277 3533 1354 3593 opus
1376 3519 1579 3594 posthumum
1593 3547 1610 3562 -

393 3607 512 3684 scripto
532 3625 686 3685 anonyma
708 3609 922 3687 impugnatum
945 3614 996 3674 cui
1026 3613 1160 3675 titulus:
1192 3615 1424 3691 Aupustiniana
1455 3617 1612 3678 Ecclesiae

392 3721 472 3764 rom.
488 3705 630 3766 doctrina
645 3709 723 3768 nodo
737 3709 895 3771 extricata
905 3729 961 3788 per
975 3713 1079 3774 varios
1091 3714 1122 3774 S.
1133 3713 1214 3792 Aug.
1233 3713 1403 3790 discipulos
1415 3735 1423 3788 ς
1436 3715 1489 3774 cui
1502 3720 1610 3776 tamen

393 3803 475 3862 alter
488 3822 660 3881 anonymus
672 3808 833 3884 respondit
846 3809 929 3867 libro
939 3810 1093 3888 inscripto
1112 3811 1289 3889 Dispunctio
1309 3818 1457 3872 notarum
1470 3811 1516 3872 40
1530 3828 1609 3889 quas

394 3899 530 3976 scriptor
544 3919 717 3980 anonymus
733 3922 790 3964 em.
803 3903 894 3966 Card.
906 3907 1070 3970 Siondrati
1084 3909 1167 3970 libro
1181 3909 1233 3968 cui
1247 3908 1379 3970 titulus:
1396 3911 1503 3972 Nodos
1520 3929 1612 3988 pree·

394 3997 614 4058 destinationis
634 4004 696 4060 etc.
718 4001 845 4062 inussit.

453 4097 603 4160 Insanus
623 4101 724 4161 Sinna
737 4119 776 4162 nn
795 4103 939 4164 Aenrnnn
953 4105 988 4164 0.
1013 4106 1045 4166 S.
1068 4107 1144 4168 Bnn.
1160 4104 1198 4186 (i
1215 4102 1316 4184 1699).
1340 4104 1387 4166 Ab
1409 4123 1445 4164 eo
1465 4107 1609 4182 prodiere

395 4195 533 4256 Collectio
553 4198 696 4258 munima
715 4201 911 4260 conciliorum
932 4204 1071 4264 omnium
1084 4204 1254 4280 Hispaniae
1270 4211 1299 4264 et
1313 4205 1384 4262 noni
1397 4204 1477 4262 orbis
1493 4237 1510 4250 ·
1526 4205 1609 4266 Ludi

393 4294 640 4354 salmanticenses
660 4296 727 4355 sive
747 4298 841 4358 theol.
862 4300 1028 4362 florulenta
1049 4333 1064 4346 -
1088 4301 1287 4378 Philosophia
1312 4303 1537 4380 noceantipua
1557 4323 1607 4364 ra·

395 4393 518 4452 tinnulis
539 4395 773 4470 *Philosophia
787 4415 908 4456 inarum
923 4431 940 4444 υ
954 4401 997 4458 De
1009 4400 1173 4458 virtutibus
1187 4406 1216 4460 ct
1228 4401 1310 4458 vitic's
1323 4419 1444 4458 morum
1458 4434 1479 4446 -
1491 4401 1526 4460 S.
1541 4403 1607 4462 An-

393 4490 478 4548 selmi
497 4493 629 4569 archiep.
651 4500 733 4552 canit.
765 4495 917 4570 tbeolcpia
946 4499 1175 4558 commentariis
1195 4507 1224 4558 et
1254 4499 1512 4576 disputationibus
1539 4509 1605 4564 tum
