3466 5362
404 421 545 484 Iudieum
567 423 599 481 et
618 417 730 499 Ruth.)
751 451 767 466 ·
789 419 982 484 Quaestiones
1001 420 1035 478 in
1056 419 1146 478 libros
1165 419 1286 494 Repnm
1307 426 1337 480 et
1356 417 1632 496 Paralipomenon

404 555 424 570 -
443 520 662 599 interpretatio
681 519 715 577 in
737 517 814 577 150.
837 519 977 579 Psalmos
998 549 1015 566 ··
1035 517 1256 596 interpretatio
1286 518 1321 578 in
1352 518 1494 580 Cantica
1528 515 1634 576 Canti-

407 639 514 682 coram
534 651 555 666 -
578 619 695 680 Gomm.
718 617 752 674 in
772 635 874 680 omnes
893 618 1066 694 Prophetas
1084 617 1219 678 Maiores
1242 624 1270 677 et
1289 617 1427 678 Minores
1441 649 1466 663 -
1479 615 1638 691 Interpre-

404 721 481 779 totio
502 717 723 795 Epistolarnm
737 716 770 778 S.
793 716 899 776 Ponti.
922 717 1026 776 Orare
1046 731 1213 776 merorum
1234 719 1454 776 recensentur.-
1472 714 1637 774 Historiae

403 817 631 880 Ecclesiastioae
651 815 738 874 Libri
763 815 797 874 V.
819 815 858 874 ab
890 814 1018 876 arianae
1048 815 1212 876 haereseos
1243 815 1337 875 initio
1366 813 1407 894 (a.
1428 810 1513 891 324)
1538 829 1636 886 usque

404 919 443 978 ad
463 915 582 974 obitum
602 913 756 975 Theodori
776 913 992 990 Mopsueeteni
1006 912 1046 994 (a.
1060 911 1132 991 428)
1151 945 1172 960 -
1190 914 1331 999 Historia
1346 914 1502 989 retipiosa
1517 941 1540 958 -·
1554 910 1638 971 Hae-

404 1016 574 1076 retiearam
593 1012 777 1088 fabularum
793 1011 1025 1090 Compendiam.
1042 1013 1145 1074 Orare
1160 1029 1338 1074 coenemus
1352 1015 1440 1072 sunt:
1466 1010 1638 1072 Eranistes

406 1131 460 1174 seu
481 1112 708 1189 Polymorpleas
735 1110 861 1191 (eontra
892 1107 1113 1188 Eutichianos)
1135 1141 1151 1156 -
1173 1112 1216 1170 De
1243 1109 1449 1170 Providentia
1476 1109 1638 1168 orationes

405 1212 445 1272 X.
470 1210 663 1270 Graecarum
681 1209 880 1287 affectionum
902 1199 1022 1269 naratio
1042 1241 1062 1254 -
1082 1208 1214 1268 Litelins
1243 1215 1353 1268 contra
1372 1205 1574 1268 Nestorium.
1600 1205 1635 1264 L.

405 1311 448 1371 De
480 1308 632 1368 Trinitate
660 1341 676 1354 -
705 1307 908 1384 Reprehensio
940 1308 994 1366 12.
1028 1306 1175 1384 Capitnm
1206 1324 1260 1366 seu
1282 1307 1636 1368 Anatleematismormm

408 1407 519 1486 Gyrilli
538 1439 555 1452 -
577 1407 713 1467 Tandem
735 1409 905 1482 supersunt
924 1406 1083 1482 Epistoiae
1105 1406 1182 1464 181.
1206 1405 1394 1466 Theodoreti
1409 1406 1555 1482 scripta,
1573 1402 1637 1479 qui-

407 1507 465 1566 bus
485 1505 670 1566 Nestorium
690 1523 726 1565 ae
747 1505 944 1564 Theodorum
964 1504 1222 1581 Mopsueeteuum
1243 1503 1427 1565 defendebat
1449 1522 1489 1564 ac
1515 1505 1551 1564 S.
1577 1503 1637 1578 Gy-

408 1603 517 1664 rillum
535 1607 570 1672 ¹et
590 1603 749 1680 Synodum
771 1603 968 1680 Ephesynam
989 1602 1207 1680 impugnabat,
1230 1602 1268 1661 ab
1288 1602 1431 1664 Ecclesia
1459 1600 1634 1663 Catholici

409 1702 539 1762 solemni
560 1703 676 1764 iudicio
697 1702 865 1779 reprobata
886 1703 961 1760 sunt
981 1733 998 1746 -
1013 1702 1108 1760 iuter
1129 1700 1196 1760 eius
1218 1718 1312 1778 opera
1332 1701 1426 1761 dubia
1446 1706 1502 1761 est
1524 1700 1634 1760 Sermo

408 1817 462 1860 seu
482 1801 668 1862 Encominm
687 1801 721 1859 in
741 1801 937 1860 nativitatem
956 1799 1082 1860 Ioannis
1101 1802 1273 1878 Baptistae.
1290 1800 1510 1861 Theodoretus
1528 1796 1634 1875 magni

408 1899 514 1960 meriti
528 1902 560 1960 et
574 1899 707 1961 nominis
723 1899 860 1976 scriptor
875 1916 996 1978 semper
1010 1904 1058 1960 eet
1072 1899 1211 1960 habitus.
1231 1899 1342 1976 Stylus
1356 1899 1423 1959 eius
1439 1897 1633 1977 perspicuus

408 2017 464 2058 nec
485 1998 693 2059 iucunditatis
723 2015 834 2075 expers
866 2002 915 2058 est
944 2016 980 2058 ae
1012 1998 1155 2060 sensibus
1183 2000 1354 2060 abundans.
1378 2001 1434 2060 Ed.
1458 2001 1632 2076 praestans

409 2095 496 2158 iacta
516 2100 566 2157 est
585 2098 680 2167 Aleae
701 2115 752 2158 an.
776 2097 863 2156 1769.

468 2196 500 2254 S.
519 2197 661 2258 Proerna
680 2196 837 2266 Aouiruu.
859 2195 897 2276 (i.
923 2215 951 2256 a.
973 2194 1056 2276 430).
1075 2197 1155 2257 Pars
1167 2197 1272 2273 potior
1285 2214 1413 2274 operum
1427 2197 1458 2260 S.
1475 2193 1630 2275 Prosperi

340 2287 342 2292 ’
409 2293 578 2372 dogmatici
598 2297 648 2355 est
667 2294 857 2372 argumenti,
889 2294 1011 2371 reliqua
1042 2295 1186 2369 moralia,
1217 2295 1381 2379 exegetica
1402 2299 1435 2356 et
1455 2295 1631 2358 historica.

411 2393 510 2470 Opera
539 2393 716 2471 dogmatica
747 2397 822 2453 sunt
840 2425 861 2438 -
881 2395 1040 2472 Epistolae
1070 2393 1162 2466 dnae,
1182 2413 1249 2454 nna
1268 2394 1311 2454 ad
1330 2395 1566 2471 Anpnstinnm,
1589 2392 1632 2453 al-

411 2500 479 2552 tera
497 2492 540 2552 ad
559 2494 722 2572 Rufinam,
743 2493 856 2568 quitus
879 2493 1122 2571 semipelagiana
1148 2494 1288 2554 haeresis
1312 2498 1383 2556 orta
1403 2515 1443 2555 ex
1456 2495 1631 2573 Pelagiana

412 2593 527 2670 partim
547 2591 736 2665 ostenditur,
752 2592 868 2672 partim
884 2592 1071 2653 revincitur.
1092 2595 1311 2670 Responsiones
1319 2613 1380 2672 pro
1394 2597 1578 2672 Anpnstino
1593 2590 1632 2652 ad

413 2690 560 2766 Capitale
580 2691 780 2750 obiectionnm
806 2690 969 2750 Gallorum
998 2693 1271 2752 columniantium.
1293 2727 1314 2740 -
1332 2697 1557 2772 Responsiones
1574 2709 1631 2772 pro

409 2789 579 2865 Aapnstini
598 2788 740 2849 doctrina
761 2793 802 2850 ad
824 2789 972 2866 Capitale
991 2791 1192 2852 abiectionem
1217 2793 1507 2855 Vincentianaram.
1532 2829 1555 2842 -
1576 2795 1633 2854 Re·

410 2887 583 2966 sponsiones
607 2905 668 2964 pro
698 2889 874 2964 Anpmtino
903 2888 947 2948 ad
966 2897 1113 2968 encarpta
1137 2889 1363 2964 Gennensinm,
1386 2892 1463 2974 (seu
1487 2913 1570 2970 quae
1595 2893 1630 2951 de

412 2985 568 3049 Ganuensi
590 2986 723 3047 civitate
744 2991 820 3047 sunt
840 2985 951 3067 misse)
971 3021 992 3035 -
1012 2989 1103 3050 biber
1123 2997 1232 3051 contra
1254 2991 1441 3052 Goliatorem
1461 2991 1498 3073 (i.
1521 3014 1551 3054 e.
1569 2979 1630 3050 col-

413 3085 568 3146 lationum
589 3089 753 3146 auctorem·
769 3086 967 3168 Cassianum)
988 3087 1042 3165 qui
1063 3089 1202 3150 directus
1224 3094 1274 3150 est
1288 3090 1414 3167 proprie
1428 3094 1542 3154 contra
1564 3089 1632 3150 Gol-

413 3183 562 3244 lationem
582 3185 669 3246 XIll.
690 3204 728 3246 ac
750 3204 843 3246 unam
863 3186 1062 3262 potissimum
1083 3189 1251 3250 veritatem
1265 3189 1416 3264 adstruit,
1440 3208 1551 3268 nempe
1573 3186 1631 3248 ini·

413 3283 493 3343 tium
514 3281 586 3341 fidei
606 3286 638 3342 et
667 3283 764 3344 bonae
796 3284 970 3344 voluntatis
991 3303 1030 3343 ex
1052 3287 1157 3362 gratia
1176 3304 1254 3346 esse.
1279 3286 1416 3347 Carmen
1435 3287 1472 3348 de
1491 3285 1633 3365 Inqratis

414 3380 451 3462 (i.
473 3399 501 3439 e.
523 3381 559 3439 de
582 3380 759 3459 Pelagiauis
780 3385 813 3442 et
832 3371 1115 3462 Semipelagiauis).
1138 3417 1159 3430 -
1173 3385 1274 3461 Opere
1288 3386 1514 3446 moraliasunt:
1537 3387 1632 3447 Liber

413 3479 638 3546 sententiarum
659 3498 698 3540 eae
717 3480 856 3556 operibns
868 3479 900 3538 S.
915 3482 1084 3555 Anynstini
1098 3481 1306 3543 delibatarnm
1318 3483 1444 3545 -Liber
1459 3486 1632 3563 Epiyram·

395 3584 536 3662 ‘matam
550 3596 590 3638 eae
607 3579 764 3637 sententiis
783 3577 817 3637 S.
844 3575 1010 3654 Adamana·
1027 3611 1048 3624 -
1067 3580 1229 3658 Enpositio
1250 3579 1448 3641 Psalmornm
1463 3601 1484 3642 a
1506 3585 1574 3642 100
1590 3577 1632 3640 ad

418 3676 484 3738 150
505 3709 526 3722 -
547 3677 720 3736 Chronioon
739 3677 898 3752 inteyrnm
917 3675 969 3756 (ab
984 3677 1058 3738 orbe
1072 3679 1197 3738 condito
1218 3695 1315 3754 usque
1337 3679 1376 3739 ad
1393 3699 1449 3741 sua
1464 3677 1629 3760 tempora).

417 3775 616 3836 communius
637 3775 733 3836 eidem
744 3775 969 3836 adscribuntur
988 3809 1008 3822 -
1027 3777 1115 3837 Libri
1134 3777 1194 3836 dno
1215 3776 1252 3836 de
1274 3781 1430 3840 vocatione
1449 3782 1603 3856 pontiam:
1620 3776 1629 3817 ¹

417 3873 559 3951 Epistola
580 3873 623 3934 ad
641 3873 868 3936 Demetriadem
888 3907 908 3920 -
930 3875 1089 3952 Gapitnla,
1119 3893 1173 3936 seu
1200 3878 1441 3952 praeteritorum
1467 3879 1558 3940 Sedis
1588 3879 1630 3939 Α·

411 3973 575 4052 postolicae
596 3974 819 4051 Episcopornm
840 3974 1041 4034 auctoritates
1060 3973 1098 4035 de
1119 3975 1228 4051 pratia
1241 3977 1297 4036 Dei
1318 3982 1347 4036 et
1361 3976 1628 4038 literovomntotis

417 4073 556 4132 arbitrie.
587 4073 690 4133 Dubia
718 4073 838 4150 pariter
868 4077 1014 4132 censetur
1045 4074 1213 4150 Confessio,
1243 4092 1321 4149 quae
1343 4075 1462 4136 dicitur
1482 4072 1629 4154 Prosperi

473 4317 484 4359 l
499 4312 532 4358 Hi
547 4312 598 4358 duo
612 4311 678 4357 libri
689 4322 711 4358 e.
723 4323 748 4359 a.
758 4313 798 4357 iio
813 4311 860 4359 aut
874 4312 914 4356 460
928 4311 1083 4370 conscripti,
1095 4312 1126 4358 de
1141 4311 1236 4358 mutua
1251 4313 1384 4360 relatione
1393 4312 1502 4371 gratiae
1512 4314 1538 4360 et
1549 4311 1627 4361 liberi

419 4384 531 4432 arbitrii
546 4383 603 4430 iuss
616 4385 643 4430 et
657 4383 788 4429 catholice
804 4385 887 4442 agunt
903 4386 997 4431 contra
1012 4383 1170 4442 Pelagianos
1184 4385 1211 4430 et
1223 4385 1462 4442 semipelagianos,
1476 4397 1536 4432 eam
1547 4386 1629 4444 potis·

385 4479 388 4486 .
417 4456 515 4501 simum
531 4455 716 4513 quaestionem
731 4457 897 4510 tractantes,
912 4455 1041 4513 quomodo
1055 4457 1123 4501 Deus
1138 4455 1205 4500 velit
1219 4467 1308 4503 omnes
1322 4457 1442 4503 homines
1459 4459 1548 4504 salvos
1562 4457 1629 4508 iieri,

418 4529 445 4573 et
459 4537 517 4580 cur,
533 4539 565 4574 ea
579 4528 668 4575 stante
683 4526 807 4580 veritate,
821 4537 872 4572 non
887 4537 977 4574 omnes
990 4527 1081 4585 gentes
1100 4527 1135 4574 ad
1149 4525 1208 4574 iidei
1223 4528 1367 4576 veritatem
1377 4528 1430 4574 siut
1448 4531 1569 4586 vocatae,
1584 4539 1627 4575 nee

419 4609 509 4646 omues
523 4611 618 4647 revera
633 4599 781 4647 salventur.
