3404 5360
103 393 241 455 nationis
262 413 331 458 non
351 398 521 476 gratuitate
535 397 589 458 sed
603 402 676 476 post
690 399 838 476 praevisa
852 395 964 460 merita
978 395 1080 460 tactae
1095 398 1262 464 nortuum
1276 399 1328 484 (ed

101 493 171 553 ibid.
188 492 306 574 1673);
328 499 498 558 ‘tractatus
512 495 550 556 de
568 494 762 573 indifferenti
775 497 854 574 lapsi
866 496 997 557 hominis
1010 497 1142 558 arbitrio
1154 498 1208 558 sub
1220 500 1331 575 gratia

25 601 27 678 l
98 598 124 651 et
141 595 402 671 concupiscentia
422 595 590 656 secundum
604 595 635 654 S.
648 593 731 672 Aug.
748 594 781 654 in
796 613 857 671 quc
876 581 1057 656 tractantur
1077 599 1109 656 et
1129 595 1330 674 explicantur

95 691 214 751 multae
225 693 476 771 augustinianae
485 694 873 771 phrases-Denecessaria
882 692 925 753 ad
934 695 1066 754 salutern
1074 695 1330 770 praticcmnibus

94 795 122 848 et
139 790 288 866 damis
309 791 399 866 data,
421 792 474 853 ubi
500 791 599 852 multe
617 792 835 869 producuntur
864 791 1025 852 recondita
1043 791 1216 870 Augustini
1244 794 1329 872 prin-

23 909 24 950 1
94 886 176 964 cipia
190 907 236 948 ex
269 907 403 968 quorum
432 889 611 976 cognitione
638 891 750 966 pendet
773 887 1036 968 perlecta-totius
1057 889 1145 950 illius
1167 890 1329 952 doctrinae

93 989 292 1062 praesertim
323 990 423 1066 quoad
454 988 589 1067 gratiam
618 986 830 1065 intelligentia
850 986 910 1068 (ed.
934 986 1010 1048 ibid.
1043 987 1121 1050 1673
1141 987 1175 1048 in
1203 985 1261 1069 4⁰).
1283 989 1328 1050 De
1350 1033 1352 1038 -

92 1091 217 1146 natura
234 1088 363 1164 pmcati
381 1087 544 1164 originalis
565 1086 733 1148 secundum
749 1087 830 1164 Aug.
853 1087 1001 1159 menum,
1025 1085 1079 1146 ubi
1100 1085 1184 1146 clare
1205 1088 1329 1148 demon·

92 1187 236 1258 stratur,
262 1187 322 1246 boc
343 1191 504 1264 peccatum
525 1203 587 1246 non
606 1201 674 1246 esse
694 1183 979 1262 concupiscentiam
993 1167 1049 1246 aut
1068 1201 1188 1244 merum
1211 1201 1326 1262 poenae

93 1285 221 1342 reatum
246 1287 286 1345 ut
304 1284 430 1361 qnidam
451 1289 616 1362 putarunt3
638 1284 682 1343 De
701 1299 809 1344 canusa
836 1283 986 1342 donamus
1006 1297 1135 1360 eperum
1156 1288 1248 1343 tract.
1270 1283 1326 1343 nbi

92 1380 272 1459 praecipue
283 1383 318 1442 de
328 1381 467 1444 bonitate
477 1382 543 1459 spei
558 1382 644 1443 vitae
658 1385 802 1444 aeternae
812 1385 845 1441 et
857 1381 970 1442 timore
984 1381 1142 1460 gehennae
1156 1379 1325 1442 disseritur

92 1474 147 1554 (ib.
173 1477 288 1558 1677).
310 1480 566 1558 Suppumenram
585 1479 629 1540 ad
649 1486 820 1540 tractatum
840 1478 878 1540 de
897 1497 1006 1540 caussa
1024 1479 1175 1538 honorum
1195 1496 1325 1557 operum

94 1574 145 1634 nbi
165 1577 288 1655 agitur
299 1580 336 1638 de
352 1578 543 1662 'sufficientia
562 1578 739 1640 attritionis
761 1583 910 1656 concepta
923 1595 963 1638 ex
977 1581 1062 1637 metu
1077 1578 1236 1655 gehennae
1251 1593 1322 1638 cum

95 1680 301 1737 sacramento
313 1675 540 1754 poenitentias;
558 1675 837 1738 commonstrent
850 1684 880 1737 et
892 1677 1055 1736 continuus
1067 1677 1101 1735 in
1110 1675 1178 1736 [λι.
1191 1675 1224 1736 S.
1240 1675 1324 1752 Aug.

97 1780 205 1834 contra
229 1759 431 1852 Paeana,
453 1777 486 1835 in
500 1776 536 1837 L.
553 1773 590 1836 de
609 1776 718 1852 pratia
739 1782 769 1836 et
782 1775 834 1835 lib.
854 1775 1001 1847 arbitrio,
1021 1775 1056 1832 in
1076 1775 1113 1834 L.
1130 1773 1168 1834 de
1189 1781 1321 1852 corrept.

102 1875 261 1947 agretia
281 1879 312 1934 et
328 1875 363 1933 in
382 1873 447 1934 Ll..
468 1881 580 1935 contra
603 1875 736 1952 seruipel.
762 1875 799 1935 In
819 1873 870 1932 bis
898 1890 1008 1932 comm.
1037 1870 1237 1932 Tricassinus
1264 1872 1323 1933 hoc

98 1970 300 2044 potissimum
319 1974 531 2035 demonstrare
552 1976 694 2048 conatur,
708 1971 893 2050 Pelagianos
909 1970 1043 2049 abling.
1066 1975 1230 2048 propterea
1250 1970 1324 2032 has-

96 2083 199 2130 rsseos
224 2069 325 2132 fuisse
344 2071 556 2145 insimulatos,
578 2071 659 2148 quod
680 2070 798 2130 nullam
824 2068 960 2148 gratiam
981 2067 1039 2130 Dei
1065 2068 1268 2130 admitterent
1289 2069 1322 2129 in

96 2167 267 2230 voluntate
286 2169 502 2232 neeessariam.
523 2170 659 2231 Tandem
679 2170 715 2230 L.
732 2167 905 2246 inscriptus
922 2167 1036 2227 Gratia
1048 2170 1159 2246 efficere
1174 2185 1195 2228 a
1210 2185 1240 2228 se
1254 2169 1322 2247 ipsa

94 2268 245 2341 refutata
265 2285 306 2328 en
324 2269 426 2330 libris
445 2269 478 2329 S.
501 2271 583 2345 Aug.
1368 2255 1372 2264 ¹

154 2365 332 2429 Srnvssusn
354 2369 487 2432 Meunus
509 2367 540 2429 S.
563 2367 641 2449 1.(†
658 2366 748 2448 1667)
767 2366 1021 2429 celebratissima
1042 2371 1074 2428 et
1092 2357 1232 2427 'classica
1252 2367 1319 2428 cius

96 2479 192 2540 opera
213 2469 291 2525 eunt
310 2466 483 2528 Aristotelis
502 2485 608 2545 opera,
632 2485 712 2544 quae
739 2474 851 2528 antara
878 2467 996 2538 omnia,
1018 2465 1102 2526 draci
1127 2467 1322 2545 paraphrasi

98 2577 135 2620 oc
155 2563 267 2624 literae
276 2572 428 2642 perpauco
448 2567 629 2628 inhaerente
648 2568 868 2646 captaneticne
888 2566 1047 2624 illustrata
1060 2567 1136 2624 tom.
1152 2567 1183 2626 6.
1199 2597 1217 2612 ·
1231 2563 1320 2627 Noua

100 2666 129 2717 et
148 2668 298 2724 accurata
315 2665 431 2725 ethicae
450 2666 654 2728 aristotelicae
664 2665 757 2727 editio
772 2699 789 2712 -
808 2665 1028 2732 Quaestionum
1035 2665 1319 2744 philosophicarum

101 2755 150 2818 lib.
171 2759 203 2820 5.
226 2793 243 2808 -
267 2761 349 2839 Opere
369 2765 499 2840 theolog.
521 2765 555 2823 in
575 2771 597 2824 t.
611 2767 643 2825 3.
668 2764 868 2826 distributam
891 2795 908 2810 -
933 2764 1152 2830 Quautionuna
1174 2765 1320 2842 theologi·

97 2871 216 2919 aarum.
239 2859 291 2920 lib.
313 2861 346 2921 6.
657 2881 661 2890 ’

155 2961 335 3022 Βοιιιιιιοιιιι
354 2979 375 3019 a
396 2961 450 3022 SS.
473 2963 651 3024 ‘innumera
671 2963 749 3023 Ono.
770 2962 867 3023 Genu.
884 2959 921 3041 (†
944 2958 1035 3039 1687)
1047 2960 1185 3038 Scripsit
1203 2961 1318 3020 Biblio-

95 3056 218 3120 thecam
237 3059 438 3135 theologicam
452 3059 521 3141 (lib.
534 3057 567 3139 7)
584 3077 662 3136 quae
683 3059 873 3119 ditissimum
894 3062 944 3118 cst
964 3057 1171 3134 repertorium
1193 3075 1251 3135 pro
1272 3057 1318 3118 di-

95 3155 240 3234 sciplinis
262 3157 460 3236 theologicis.
1213 3142 1216 3160 ’

154 3256 298 3318 Oenones
320 3273 362 3318 nu
381 3257 505 3318 Faesus
525 3253 755 3337 (Fnexrnmos)
775 3257 920 3317 Daunum
949 3269 990 3316 nu
1018 3251 1124 3326 Onnes
1153 3251 1191 3333 (³5
1214 3249 1314 3333 1688).

95 3351 272 3440 Praecipua
292 3354 359 3413 eius
380 3372 474 3431 opera
495 3357 590 3414 sunt:
616 3353 805 3415 Glossarium
825 3353 869 3414 acl
888 3353 1048 3430 scriptores
1069 3349 1189 3412 mediae
1215 3358 1244 3411 et
1270 3351 1318 3409 in-

93 3451 189 3527 fimae
210 3451 385 3512 latinitatis.
401 3483 419 3498 -
435 3453 512 3514 Item
525 3447 716 3529 praecitatis.
733 3487 750 3500 -
764 3453 906 3513 Historia
926 3451 1097 3530 bysantino
1109 3450 1226 3528 duplici
1237 3466 1317 3510 cona

93 3551 249 3610 monterio
267 3550 436 3611 illustrata.
454 3583 470 3598 -
485 3551 596 3612 Ioann.
618 3554 765 3613 Zonaras
784 3552 912 3612 annale
931 3550 970 3610 ab
990 3549 1116 3610 ceordic
1145 3547 1256 3608 mundi
1273 3546 1317 3608 ad

94 3655 227 3710 mertem
246 3649 351 3709 Alecii
372 3650 529 3712 comneni.
553 3684 570 3695 -
593 3649 765 3711 chronicon
782 3650 935 3729 paschale.

154 3748 360 3809 Auensuruua
380 3749 504 3810 Rnnmc
524 3749 560 3808 Ο.
583 3749 613 3808 S.
637 3751 715 3810 Bou.
737 3747 774 3829 (†
797 3747 897 3826 1692).
919 3746 967 3806 Ab
995 3764 1030 3805 eo
1057 3743 1199 3822 prodiere
1224 3742 1318 3805 Theo·

94 3846 180 3922 lcyia
191 3845 536 3908 Scholctsticaunirersa
547 3877 568 3892 -
579 3847 810 3907 Controuersiae
820 3845 1014 3906 scholasticae
1027 3861 1067 3904 esc
1079 3845 1224 3905 uniuersa
1233 3845 1316 3906 theo-

94 3946 180 4020 lopia
191 3945 316 4006 selectae
328 3978 346 3990 -
368 3946 559 4007 Oecamenici
577 3944 752 4006 Tridentini
773 3945 903 4005 Consilii
923 3945 1036 4003 ceritas
1054 3944 1213 4004 insatiata
1229 3977 1245 3990 -
1264 3945 1316 4005 Oe-

95 4044 269 4104 curnenicae
289 4044 454 4104 cathedrae
480 4051 577 4122 apost.
604 4045 774 4104 auctoritas
794 4051 911 4104 asserta
938 4049 968 4104 et
986 4042 1149 4102 uindicata
1168 4042 1315 4103 aduersus

96 4147 233 4218 quatuor
251 4144 391 4217 famosae
419 4141 635 4203 declarationis
654 4143 729 4203 cleri
750 4143 901 4218 pellicani
926 4160 956 4202 a.
982 4142 1083 4202 1682.
1119 4141 1266 4202 articulos
1295 4172 1313 4185 -

100 4239 222 4301 Vinden
239 4241 355 4300 ceritas
374 4242 539 4302 annalium
552 4241 821 4304 ecclesiasticorum
843 4242 927 4302 Gaas.
944 4241 1077 4302 Baronii
1090 4274 1107 4288 -
1122 4241 1165 4299 De
1178 4237 1313 4300 dominio

96 4339 274 4400 eternorum
294 4345 324 4399 et
341 4342 555 4417 relipiosorurn
568 4375 585 4388 ··
598 4343 642 4402 De
661 4341 786 4401 iniuriis
807 4348 836 4400 et
854 4342 1045 4402 restitutione
1054 4357 1115 4418 pro
1135 4341 1172 4399 iis
1192 4339 1308 4401 debita.

155 4427 330 4501 Eunaeum.
359 4442 578 4504 Scaensraaru
605 4441 642 4522 (†
664 4435 764 4520 1692).
793 4440 939 4501 Eiusdem
963 4439 1159 4518 opara'sunt
1181 4467 1198 4484 ·
1218 4439 1312 4499 Anti-

95 4540 197 4615 quitas
214 4538 373 4598 illustrata
390 4540 474 4600 circa
494 4540 631 4601 Concilio
648 4539 809 4616 genualia
834 4547 865 4600 et
886 4539 1093 4618 menualia
1112 4538 1193 4615 quod
1220 4557 1296 4618 opus
