3466 5362
152 415 280 490 qnando
301 416 503 490 pertractant
522 416 678 493 dogmata,
689 317 856 490 aliqiiindo
874 413 911 474 de
925 414 1063 474 moribus
1073 413 1244 476 formandis
1260 423 1373 496 agunt,

151 516 186 572 et
207 512 269 572 hue
291 513 451 590 pertinent
474 513 579 574 Oratio
610 514 643 571 in
674 512 788 572 Christi
807 510 1012 586 Nativitatem
1032 545 1049 558 -
1074 513 1180 574 Oratio
1202 516 1235 573 in
1257 515 1375 578 Sancta
1458 516 1461 524 '

151 611 294 670 Lumina
313 610 349 690 (i.
371 630 397 670 e.
422 610 538 671 festum
568 609 808 690 Ephiphaniae).
832 643 849 658 -
879 613 965 670 Duae
988 611 1020 669 in
1047 618 1187 672 sanetum
1210 615 1333 674 Pascha
1357 647 1374 660 -

155 709 266 796 Oratio
286 710 320 768 in
340 726 453 770 noram
472 711 664 770 Dominicam
684 709 721 790 (i.
745 728 772 770 e.
795 709 987 770 Dominioam
1019 710 1052 770 in
1072 708 1187 787 Albis).
1213 711 1319 772 Oratio
1340 713 1376 770 in

150 807 189 866 S.
212 809 420 872 Pentecostem
441 839 457 854 ··
482 808 642 869 Orationes
667 809 878 886 panepyricae
909 815 938 867 et
956 809 1100 883 funebres
1121 839 1137 854 ·
1156 815 1185 867 et
1216 809 1376 870 Orationes

148 908 339 983 pervarias
364 908 530 966 occasiones
551 907 683 966 habitae.
706 907 842 966 Tandem
870 911 1040 984 supersunt
1066 906 1225 982 Epistulae
1243 906 1326 978 242,
1348 915 1377 968 et

152 1004 324 1081 plusquam
344 1004 389 1063 40
409 1006 570 1066 Poimata.
585 1005 730 1064 Omnium
752 1004 868 1064 iudicio
888 1010 957 1064 erat
978 1004 1011 1062 iu
1031 1005 1112 1064 omni
1136 1003 1376 1082 disciplinarum

159 1119 275 1180 genere
296 1107 473 1180 praestans,
495 1103 528 1162 in
552 1102 722 1180 Theologia
746 1119 894 1162 summus.
918 1102 1028 1178 Stylus
1053 1102 1195 1180 grandis,
1218 1103 1374 1177 sublimis,
1401 1171 1403 1176 ,

155 1201 321 1260 maiestate
333 1201 441 1277 plenus
454 1203 513 1262 est.
524 1201 581 1260 Ed.
590 1200 864 1278 praestantissima
873 1201 1038 1276 eademque
1050 1200 1213 1262 rarissima
1222 1205 1272 1260 est
1281 1217 1374 1277 quam

162 1299 357 1358 adornarunt
377 1300 414 1359 D.
437 1299 612 1360 Clemencet
632 1296 684 1378 (ex
705 1299 801 1374 Oong.
825 1299 857 1358 S.
879 1295 998 1375 Mauri)
1018 1301 1051 1358 et
1071 1298 1106 1358 D.
1122 1299 1159 1358 A.
1180 1299 1217 1358 B.
1241 1298 1372 1360 Oaillau:

113 1446 119 1470 ,
163 1401 262 1456 tomus
284 1399 310 1456 I.
333 1397 452 1474 prodiit
472 1396 574 1458 Paris.
595 1414 646 1456 an.
668 1395 745 1456 1778
766 1395 821 1454 fol.
841 1396 918 1454 'Pom
955 1412 1031 1454 vero
1054 1397 1096 1456 II.
1118 1397 1218 1457 lucem
1250 1397 1375 1474 aspexit

160 1493 235 1554 ibid.
262 1495 349 1554 1840.

216 1594 247 1652 S.
270 1595 450 1656 (innuamus
469 1592 661 1672 Nussnu..(i.
684 1611 714 1652 a.
736 1589 820 1670 371).
843 1592 1018 1668 Supersunt
1039 1591 1139 1668 ipsius
1156 1592 1262 1654 Oratio
1285 1593 1378 1654 Cate-

155 1692 272 1750 chetiea
303 1709 433 1768 mapnm
456 1693 547 1752 cuius
580 1691 708 1752 ultimae
734 1688 774 1750 26
805 1690 903 1750 lineae
931 1691 1005 1766 Cap.
1038 1690 1140 1750 ultimi
1169 1691 1293 1752 aliunde
1315 1693 1376 1750 huc

156 1791 332 1850 translatae
366 1797 442 1851 sunt
473 1823 491 1838 -
522 1791 610 1850 Libri
636 1807 688 1849 seu
720 1789 879 1848 Orationes
914 1790 958 1848 12
992 1795 1101 1848 contra
1133 1789 1325 1848 Eunomium
1359 1821 1376 1836 -

159 1888 322 1948 Tractatum
351 1889 388 1950 de
415 1889 477 1968 side
505 1889 547 1950 ad
565 1889 759 1966 Simplicium
787 1920 803 1932 -
833 1887 1060 1946 Antirrbetrbus
1086 1886 1231 1946 aduersus
1258 1889 1377 1965 Apolli-

154 1989 282 2046 narium
311 2021 328 2034 -
354 1989 445 2050 Alius
476 1989 638 2050 Tractatus
671 1986 713 2046 ad
743 1985 941 2076 Theophilum
968 1991 1077 2044 eontra
1108 1987 1338 2062 Apollinarium
1358 2019 1375 2034 -

159 2085 322 2146 Tractatus
342 2087 379 2146 cle
399 2089 508 2148 anima
538 2095 567 2146 et
592 2085 822 2146 resurrectione.
847 2116 863 2128 -
886 2083 978 2144 Liber
996 2090 1109 2145 contra
1127 2086 1233 2159 fatum
1254 2117 1271 2130 -
1297 2085 1375 2144 Tra-

155 2190 257 2244 ctatns
276 2185 319 2245 aol
338 2185 483 2246 Hierium
505 2183 720 2262 Cappadociae
738 2184 940 2260 Praefectum
960 2180 998 2241 de
1017 2183 1191 2258 infantibus
1211 2183 1265 2260 qui
1282 2201 1376 2261 prae·

158 2289 284 2344 matura
313 2291 412 2342 morte
443 2285 644 2360 abripiuntur
664 2316 681 2328 -
702 2283 810 2346 Sermo
838 2281 989 2351 adversus,
1015 2281 1129 2340 Arium
1158 2287 1252 2356 atque
1271 2281 1375 2340 Sabel-

159 2380 235 2438 lium
256 2414 273 2426 -
292 2383 400 2442 Sermo
420 2382 457 2442 de
476 2382 599 2459 Spiritu
618 2382 732 2442 Sancto
753 2380 897 2442 aduersam
919 2379 1156 2441 Macedonianos
1186 2380 1376 2440 Pnenmato-

156 2481 278 2538 maches
297 2513 313 2528 -
335 2482 514 2558 Empticatio
541 2481 741 2557 Apolopetica
769 2497 820 2539 seu
850 2480 925 2538 liber
957 2479 991 2537 in
1021 2479 1218 2538 Eacaimeron
1247 2477 1378 2538 -Liber

155 2578 193 2638 de
221 2581 352 2640 hominis
380 2580 499 2658 opificio
520 2565 650 2638 -Eiber
684 2578 721 2638 ola
751 2579 816 2638 rita
848 2577 942 2638 Masis
972 2594 1026 2636 seu
1048 2576 1084 2634 de
1105 2577 1173 2636 vita
1195 2575 1337 2652 perfecta
1359 2605 1375 2620 -

156 2677 301 2754 Epistola
320 2677 358 2738 de
378 2678 637 2755 Enpastrimptho
659 2695 713 2736 seu
734 2677 930 2755 Pythonissa.
955 2707 971 2720 ·
992 2675 1080 2736 Libri
1100 2673 1161 2734 duo
1182 2674 1219 2734 de
1238 2674 1378 2734 Psalmo·

154 2793 227 2834 ram
247 2776 495 2853 inscriptionibus
517 2808 534 2822 -
555 2775 709 2836 Homiliae
729 2783 793 2834 octo
808 2776 842 2832 in
855 2775 1070 2836 Ecclesiasten.
1091 2803 1106 2820 -
1120 2774 1283 2850 Eapositio
1297 2774 1379 2832 Can·
1477 2846 1479 2851 Α

155 2875 209 2932 tici
229 2874 431 2934 Canticorum
450 2873 493 2934 ad
516 2873 728 2952 Olympiadem
750 2906 766 2918 -
787 2875 831 2933 De
863 2875 1008 2934 Oratione
1037 2873 1182 2932 homiliae
1203 2872 1338 2948 quinque
1358 2903 1376 2914 -

152 2971 197 3030 De
216 2972 458 3032 beatitudinibus
477 2973 622 3033 homiliae
640 2978 705 3030 octo
728 3003 744 3016 -
769 2972 932 3032 Tractatus
953 2969 1069 3032 tresde
1085 2970 1277 3048 perfectione
1297 2950 1377 3028 chri-

156 3071 259 3130 stiana
280 3072 411 3132 -Liber
442 3070 480 3130 de
509 3070 690 3144 airpinitate
718 3100 735 3114 -
764 3070 906 3145 Epistola
934 3070 1083 3130 canoniea
1112 3067 1155 3126 ad
1188 3068 1328 3128 Letoium
1360 3099 1377 3109 -

161 3170 310 3228 orationes
329 3169 461 3228 morales
480 3167 594 3243 quibus
616 3171 672 3226 aut
693 3166 835 3242 singulas
851 3167 990 3226 virtutes
1006 3166 1212 3236 commendat,
1230 3167 1285 3224 aut
1295 3163 1377 3226 vitia

162 3266 306 3339 quaedam
336 3264 512 3341 redarguit,
544 3268 576 3324 et
605 3264 791 3340 praesertim
822 3263 954 3324 abusum
977 3263 1139 3322 differendi
1160 3261 1375 3340 baptismuml

162 3362 267 3420 Oratio
299 3363 337 3422 de
361 3363 480 3422 Deitate
512 3361 589 3420 Filii
617 3367 646 3419 et
675 3361 811 3437 Spiritus
841 3361 949 3420 Sancti
970 3367 998 3420 et
1017 3359 1055 3420 de
1075 3358 1137 3438 fide
1164 3359 1337 3421 Abrahami
1360 3390 1377 3402 -
1452 3383 1455 3389 ·

160 3460 266 3520 Oratio
286 3463 319 3520 in
340 3461 421 3521 diem
441 3460 610 3520 Luminam
633 3458 652 3516 i.
676 3479 702 3518 e.
729 3460 925 3538 Epiphaniae
947 3491 964 3504 -
989 3459 1149 3518 &alienes
1176 3457 1311 3534 quinque
1337 3456 1374 3516 de

154 3561 385 3620 Resurrectione
405 3558 528 3618 Domini
547 3557 581 3616 in
601 3559 715 3632 festum
735 3559 896 3616 Paschatis
917 3589 934 3602 -
960 3557 1066 3616 Oratio
1087 3557 1120 3613 in
1137 3555 1251 3614 Christi
1266 3556 1376 3614 Ascen-

152 3660 281 3728 sionem‚·
305 3659 411 3717 Oratio
431 3658 463 3716 in
487 3657 690 3714 Pentecosten.
717 3689 732 3711 -.
753 3656 906 3714 Encomia
922 3673 975 3714 seu
1002 3655 1154 3714 orationes
1181 3652 1261 3712 duae
1285 3652 1318 3708 in
1342 3651 1376 3710 S.

154 3741 348 3834 Stephanum
371 3760 632 3832 protomartyrem
659 3786 676 3798 -
701 3754 807 3814 Oratio
829 3753 866 3811 ele
886 3754 918 3812 S.
946 3752 1101 3814 Theodoro
1128 3751 1244 3828 Mart,
1268 3757 1296 3808 ct
1317 3757 1378 3808 tres
1413 3785 1416 3790 -

154 3857 188 3912 in
209 3855 254 3914 40
275 3855 432 3931 Martyres
452 3885 468 3898 -
494 3854 653 3914 Orationes
672 3852 706 3910 in
727 3851 849 3914 laudem
863 3851 897 3910 S.
913 3851 1024 3912 Basilii
1044 3849 1169 3926 Mapni,
1188 3851 1220 3909 S.
1239 3850 1377 3926 Ephrem

156 3953 242 4032 Syri,
263 3953 297 4011 S.
319 3952 446 4023 Melani,
468 3953 501 4009 in
521 3954 638 4028 funere.
653 3951 846 4022 Pulcheriae,
862 3957 891 4009 et
903 3949 1070 4008 Flaccillae
1090 3948 1249 4024 Aupustae
1266 3981 1282 4000 μ
1297 3947 1377 4006 San-

213 4087 223 4128 1
239 4084 296 4130 Etsi
310 4084 425 4141 quiaque
439 4083 535 4140 primis
550 4083 683 4129 Ecclesiae
698 4082 795 4128 seculis
808 4080 864 4127 sine
881 4081 953 4126 iusta
968 4090 1064 4126 caussa
1083 4079 1235 4136 provectior
1252 4081 1329 4126 aetas
1342 4079 1376 4124 ad

158 4157 296 4214 baptisma
311 4156 505 4212 susm'piendum
521 4166 571 4202 non
585 4153 766 4210 infrequenter
781 4154 968 4210 expectaretur
983 4154 1086 4198 certum
1109 4154 1199 4196 tamen
1214 4151 1264 4202 est,
1278 4149 1380 4206 episco-

163 4239 211 4284 pos
225 4227 327 4284 passim
342 4227 368 4271 in
383 4239 442 4271 eam
459 4227 572 4272 abusum
588 4225 704 4270 invectos
718 4236 773 4270 esse
787 4225 942 4280 eosdemque
958 4233 1104 4279 numquam
1119 4223 1174 4267 sive
1200 4222 1289 4279 pueris
1304 4222 1378 4266 cate-

158 4300 258 4344 chesim
273 4299 329 4343 sive
344 4297 492 4345 infantibus
506 4297 533 4342 in
549 4297 667 4354 periculo
682 4295 777 4353 positis
792 4296 956 4352 baptismum
971 4294 1147 4352 prohibuisse.
1170 4294 1241 4344 Quod
1259 4303 1320 4338 vero
1337 4295 1379 4338 at·
1433 4317 1436 4328 ·

161 4373 228 4417 tinet
245 4373 279 4417 au
302 4371 418 4417 infantes
439 4374 517 4418 extra
541 4371 689 4427 periculum
703 4369 779 4418 sitos.
801 4368 951 4414 vetustiora
972 4365 1188 4424 paedobaptismi
1212 4364 1377 4410 monimenta

159 4446 321 4489 crescentem
336 4441 486 4488 huiusmodi
502 4441 693 4500 neophytorum
708 4451 848 4484 numerum
862 4438 986 4484 exhibent
1002 4450 1018 4485 a
1035 4437 1120 4483 medio
1140 4435 1250 4481 circiter
1267 4435 1376 4482 saeculo

159 4515 243 4576 tertio
258 4515 292 4560 ad
306 4515 422 4580 medium
437 4515 573 4560 saeculum
588 4517 698 4566 sextum,
715 4523 766 4569 quo
781 4513 886 4556 demum
901 4511 994 4556 civiles
1015 4510 1099 4556 etiam
1114 4518 1213 4564 poenae
1227 4509 1373 4554 occurrunt

160 4587 194 4632 iis
209 4587 351 4642 irrogatae
365 4585 411 4642 qui
426 4595 488 4632 suos
502 4585 617 4631 infantes
631 4584 759 4630 ecciesiae
774 4582 950 4638 baptizandos
964 4593 1014 4628 non
1029 4579 1198 4628 obtulissent.
