3466 5362
378 437 542 502 Dominum
565 473 579 496 n
602 441 657 524 (is.
682 461 709 501 e.
731 441 784 520 6.).
803 444 960 504 Homiliae
981 444 1034 504 90.
1054 446 1088 503 in
1108 443 1305 503 Matthaeum
1326 477 1343 490 -
1357 445 1532 504 Homiliae
1554 461 1608 504 seu

371 537 581 597 Conciones7
615 539 653 600 cle
685 543 811 600 Lazaro
844 549 874 601 et
894 543 987 602 alioite
1010 575 1026 588 -
1048 543 1203 602 Homiliae
1233 543 1287 601 88.
1319 543 1353 600 in
1381 543 1606 602 Iohannem·

365 636 521 697 Homiliae
540 639 595 696 55.
628 641 663 696 in
691 640 772 698 Aeta
801 641 1017 717 Apostolorum
1039 673 1056 686 -
1077 641 1232 701 Homiliae
1262 640 1294 700 4.
1326 643 1360 698 in
1388 643 1611 718 Principium

365 737 516 796 Actorum
538 771 554 782 -
576 739 731 798 Homiliae
762 737 794 798 4.
816 739 853 799 cle
885 739 1057 800 mutatione
1078 741 1238 799 nominum
1260 773 1277 784 -
1299 739 1464 800 Homiliae
1489 741 1552 798 32.
1576 741 1611 797 in

367 836 542 912 Epistalom
557 835 600 894 aol
613 839 769 896 Romanos
790 869 806 882 -
829 836 1053 896 Homiliae-14.
1071 839 1105 896 in
1119 837 1293 914 Epistalom
1307 838 1332 896 Ι.
1355 837 1398 896 ad
1414 838 1612 898 Corinthios

367 967 383 980 -
405 936 560 996 Homiliae
582 935 636 994 30.
657 937 690 994 in
708 937 749 996 n.
772 936 815 994 aa
836 937 1011 996 Corinthios
1031 969 1048 982 -
1071 937 1226 996 Homiliae
1247 939 1280 995 3.
1313 936 1350 996 de
1371 937 1503 1011 lapibus
1528 937 1612 994 Com

365 1031 452 1090 nubit
480 1051 532 1093 seu
559 1031 595 1093 cle
616 1035 815 1093 matrimonio
839 1067 856 1079 -
878 1029 1034 1094 Homiliae
1055 1041 1117 1094 tres
1138 1033 1174 1094 ale
1196 1035 1293 1094 uerbis
1312 1034 1471 1111 Apostoli:
1501 1055 1517 1080 κ
1543 1035 1611 1094 Ha·

365 1129 473 1190 bentes
494 1133 634 1191 eumdem
656 1132 803 1209 spiritum
826 1131 897 1190 fidei
928 1136 989 1191 etc.
1012 1165 1026 1189 n
1054 1133 1302 1192 Commentarius
1321 1131 1355 1190 in
1375 1131 1441 1208 Ep.
1468 1131 1521 1189 ael
1546 1131 1614 1188 Ga
1703 1169 1704 1172 κ

366 1227 447 1285 latas
466 1261 482 1273 -
504 1229 659 1292 Homiliae
687 1228 743 1289 24.
770 1231 804 1288 in
824 1230 999 1307 Epistalom
1026 1231 1070 1288 aol
1097 1231 1242 1308 Ephesios
1262 1261 1279 1276 ··
1300 1231 1462 1290 Homiliae
1490 1230 1552 1288 15.
1576 1228 1613 1286 in

365 1325 428 1402 Ep.
451 1325 494 1384 ael
515 1319 760 1405 Philippenses·
782 1328 937 1388 Homiliae
959 1330 1009 1390 12.
1042 1331 1076 1387 in
1095 1329 1195 1406 Epist.
1230 1328 1273 1386 acl
1302 1329 1472 1388 Colossens.
1501 1362 1523 1374 -
1545 1328 1611 1388 Ha·

365 1424 469 1483 miliae
494 1425 547 1484 11.
570 1427 604 1482 in
624 1426 724 1502 Epist.
748 1426 772 1484 Ι.
796 1425 840 1484 acl
864 1426 1138 1487 Thessalonicenses
1159 1459 1176 1472 -
1197 1427 1353 1486 Homiliae
1374 1427 1407 1484 5.
1429 1429 1470 1485 in
1495 1421 1608 1503 Epist.

365 1520 406 1580 II.
428 1521 471 1578 ool
505 1522 779 1583 Thessalonicenses
800 1555 816 1568 ·
839 1523 994 1584 Homiliae
1018 1525 1071 1584 18.
1094 1528 1129 1584 in
1151 1528 1181 1584 1.
1207 1525 1250 1583 ael
1273 1525 1471 1584 Timotheum
1496 1557 1517 1570 -
1540 1523 1611 1584 Ho-

365 1620 470 1679 miliae
492 1622 545 1680 10.
565 1623 599 1679 in
629 1621 667 1714 H.
681 1621 724 1679 aal
757 1621 950 1683 Timotheum
970 1624 1186 1684 -Homiliaeb
1218 1624 1253 1680 in
1274 1623 1449 1700 Epistalom
1476 1621 1528 1680 ad
1556 1621 1610 1678 Ti-

366 1725 432 1776 tum
452 1749 468 1763 -
494 1718 566 1778 Tres
582 1721 617 1776 in
649 1721 747 1796 Epist.
771 1719 814 1778 aol
834 1720 1047 1781 Philemonem
1069 1753 1085 1766 -
1107 1722 1263 1789 Homiliae
1283 1721 1330 1790 31
1369 1722 1402 1778 in
1422 1722 1539 1798 Epist
1565 1717 1612 1776 ad
1703 1743 1704 1764 .

365 1815 528 1876 Hebraeas.
552 1819 631 1876 Item
652 1817 806 1878 Homiliae
827 1819 858 1875 8.
884 1818 1030 1878 aduersus
1049 1819 1179 1880 Iuolaeos
1200 1851 1216 1864 -
1238 1819 1461 1878 Homiliae18.
1485 1825 1611 1877 contra

365 1915 724 1992 Anomoeosquaeetiann
737 1915 956 1994 inscribuntur
971 1917 1008 1976 cle
1029 1918 1332 1994 Incomprehensibili
1353 1950 1369 1963 -
1390 1917 1547 1976 Homilia
1571 1914 1610 1973 cle

363 2015 585 2074 resurreetione
605 2022 799 2074 mortuorum
819 2049 836 2060 -
856 2015 997 2074 Homilia
1018 2016 1055 2076 de
1077 2017 1237 2094 Baptisma
1260 2016 1376 2075 Christi
1404 2023 1433 2075 et
1454 2013 1503 2074 de
1523 2013 1610 2091 Epi·

362 2112 484 2188 phania
507 2143 523 2156 -
545 2112 699 2172 Homiliae
720 2115 752 2172 2.
775 2113 823 2173 cle*
837 2114 1016 2191 proditione
1045 2115 1143 2175 iudae
1166 2105 1187 2188 -,’
1205 2115 1360 2174 Homiliae
1378 2113 1466 2174 acle
1494 2114 1608 2172 Cruce

366 2215 395 2267 et
416 2211 536 2269 latrone
557 2243 574 2254 -
594 2211 733 2270 Homilia
755 2211 791 2271 de
815 2215 994 2274 Ascensione
1008 2215 1133 2272 Domini
1148 2245 1164 2259 ·
1179 2214 1333 2273 Homiliae
1347 2214 1380 2272 2.
1397 2212 1434 2272 de
1455 2211 1492 2271 S.
1514 2213 1608 2271 Pen-

364 2313 470 2367 tecoste
492 2341 507 2352 -
520 2307 675 2368 Homiliae
686 2309 723 2368 ele
734 2310 876 2394 laudibus
884 2311 916 2369 8.
939 2313 1036 2369 Pauli
1048 2313 1188 2388 Apostoli
1202 2343 1219 2356 -
1235 2311 1390 2370 Homiliae
1412 2310 1449 2370 ale
1462 2310 1608 2369 Sanctis
1703 2372 1704 2377 ,

364 2407 520 2465 nonnullis
542 2408 607 2474 JVet.
635 2407 820 2468 Testamenti
841 2422 862 2452 -·
879 2409 1036 2468 Homiliae
1056 2411 1091 2470 in
1111 2410 1166 2469 88.
1178 2410 1351 2486 Martyres,¹
1363 2425 1503 2485 qnorum
1529 2413 1603 2468 tres

365 2507 488 2564 tantum
511 2511 681 2582 supersunt
702 2539 719 2551 -
743 2507 895 2566 Homiliae
914 2493 950 2564 in
971 2507 1104 2566 diuersos
1132 2507 1261 2566 Sanctus
1286 2505 1366 2566 Noui
1402 2506 1603 2567 Testamenti
1701 2563 1703 2610 ι

366 2631 383 2645 -
405 2601 542 2661 Homilia
561 2605 596 2660 in
615 2604 740 2663 laudem
754 2605 882 2662 Diodori
899 2605 1045 2682 Episcopi
1062 2605 1215 2665 Tarsensis
1228 2639 1246 2651 -
1259 2606 1399 2664 Homilia
1412 2607 1446 2664 in
1460 2605 1599 2665 laudem
1703 2635 1704 2690 p

369 2696 526 2759 Theodosii
547 2703 669 2776 Mapni.
692 2704 862 2763 Praeterea
882 2705 1012 2780 reliquit
1034 2705 1208 2764 Catacheses
1228 2705 1306 2762 duas
1335 2705 1378 2763 aa
1406 2706 1599 2763 illuminan-

367 2797 418 2856 aas
439 2831 456 2843 -
477 2799 630 2858 Homilias
649 2801 681 2860 3.
703 2800 740 2860 ae
762 2799 881 2861 oliabolo
903 2809 1055 2863 tentatore
1075 2835 1091 2848 -
1113 2803 1265 2862 Homilias
1287 2803 1317 2861 9.
1336 2803 1373 2862 de
1388 2803 1598 2863 Paenitentia

367 2927 383 2940 -
405 2896 566 2956 Sermones
585 2900 619 2957 2.
640 2897 681 2958 ele
702 2900 906 2960 consolatione
926 2903 1034 2960 mortis
1054 2935 1071 2948 -
1095 2902 1248 2962 Homilias
1267 2903 1323 2961 21.
1346 2902 1382 2961 ae
1402 2901 1528 2961 Statuis
1550 2897 1599 2959 aa

362 2996 514 3070 populum
535 2997 761 3056 Antiochenum
791 2999 913 3057 habitas
931 3033 948 3045 -
969 3000 1124 3059 Homilias
1144 2998 1269 3076 aliquoi
1283 3000 1320 3060 ele
1337 3007 1444 3060 terrae
1462 3009 1555 3060 matu
1578 3032 1595 3045 -

367 3093 519 3152 Homilias
539 3085 570 3153 6'.
595 3095 629 3152 in
652 3095 762 3154 Oziam
782 3095 850 3177 (seu
872 3100 907 3158 de
930 3097 1131 3178 Seraphinis)
1151 3101 1305 3158 Homilias
1324 3101 1358 3156 in
1377 3098 1458 3158 illuct
1477 3087 1597 3158 Isaiae:

289 3189 291 3203 ¹
370 3211 383 3235 α
407 3193 473 3268 Ego
495 3193 649 3253 Dominus
672 3196 755 3254 Deus
776 3194 838 3254 feei
859 3197 973 3256 lumen.
1001 3229 1014 3252 n
1038 3197 1191 3256 Homilias
1209 3199 1244 3256 in
1263 3199 1353 3256 illum
1379 3197 1529 3258 Ieremiae
1552 3200 1596 3255 l·

366 3311 447 3354 eum:
474 3315 491 3350 a
513 3291 642 3351 Domine
664 3311 724 3350 non
746 3298 795 3352 est
815 3294 848 3352 in
869 3295 992 3354 homine
1015 3297 1067 3354 via
1096 3297 1175 3355 eius.
1201 3327 1214 3352 n
1239 3296 1534 3373 Interpretationem
1556 3299 1595 3355 in

1703 3243 1704 3298 1

366 3397 503 3456 Danielis
535 3396 636 3471 Capit.
674 3393 729 3452 13.
754 3425 770 3436 -
791 3392 945 3451 Homilias
974 3395 1008 3452 in
1037 3395 1118 3454 illud
1145 3394 1289 3454 Ioannis:
1321 3395 1463 3456 «Filius
1493 3416 1533 3456 ex
1556 3415 1593 3457 se
1700 3301 1704 3510 ἡ

368 3495 447 3554 nihil
477 3493 566 3553 facit.
591 3526 604 3548 „
629 3527 647 3537 -
666 3491 839 3550 Homiliam
868 3499 976 3550 cantra
1007 3492 1093 3551 ludos
1126 3500 1155 3553 et
1175 3495 1300 3552 theatra
1320 3524 1337 3538 -
1359 3494 1530 3554 Homiliam
1556 3497 1593 3553 in

368 3593 459 3652 illuct:
482 3615 498 3648 ‹<
519 3595 585 3653 Hoc
607 3595 711 3652 autem
733 3593 846 3650 scitote
868 3595 928 3650 etc.
945 3615 961 3648 »
986 3591 1158 3650 Homiliam
1180 3591 1216 3651 ole
1233 3593 1377 3669 perfecta
1396 3595 1550 3654 charitate
1572 3625 1591 3638 -
1701 3515 1704 3701 1

367 3693 537 3752 Homiliam
559 3690 595 3750 ele
615 3681 808 3749 continentia
829 3721 852 3734 -·
867 3689 1030 3766 Spnapsim
1050 3691 1231 3768 Scripturao
1252 3690 1368 3748 Sacrae
1384 3723 1400 3736 -
1416 3691 1590 3755 Homiliam

368 3791 465 3874 aliam
486 3791 520 3848 in
539 3788 688 3849 Natalem
711 3789 826 3848 Christi
845 3787 926 3848 aliem
947 3822 963 3834 -
984 3789 1155 3848 Homiliam
1185 3788 1222 3848 cle
1252 3789 1424 3864 lepislatcre
1447 3822 1458 3834 ·
1481 3791 1592 3850 Homi-
1702 3784 1704 3909 ]

368 3891 443 3954 liam
463 3891 497 3946 in
516 3887 596 3946 illud
616 3888 732 3947 Matth:
759 3909 772 3932 r
794 3889 830 3947 In
852 3905 912 3962 qua
933 3891 1090 3964 potestate
1111 3889 1186 3948 haee
1207 3887 1287 3946 facit
1308 3891 1368 3946 etc.
1395 3919 1408 3944 n
1434 3889 1509 3946 Eius
1534 3908 1590 3949 au·
1702 3922 1703 3944 .

302 4059 306 4066 Α
368 3992 431 4048 tem
453 4003 547 4062 opera
568 3986 743 4062 dogmatica
765 3990 848 4044 sunt:
872 3987 1099 4045 Demonstratio
1120 3991 1228 4045 contra
1248 3984 1381 4046 Iudaeos
1401 3993 1432 4045 et
1453 3985 1590 4046 Gentiles

368 4083 451 4162 quool
468 4083 606 4142 Christus
623 4083 664 4140 sit
691 4085 771 4142 Deus
792 4115 809 4128 -
829 4083 922 4143 Liber
947 4085 981 4142 in
1001 4084 1033 4143 S.
1062 4084 1216 4162 Babplam
1243 4091 1352 4142 contra
1378 4085 1537 4144 lulianum
1558 4093 1589 4144 et

367 4190 476 4242 eontra
501 4179 644 4240 Gentiles.
665 4182 823 4258 Opuaeula
843 4182 977 4242 Masalia
997 4200 1072 4241 vero
1100 4186 1314 4242 recensentur:
1340 4183 1523 4242 Paraenesis
1544 4182 1587 4240 ad
1636 4190 1652 4240 ,’

372 4281 566 4342 Theodorum
588 4281 709 4356 lapsum
728 4280 817 4338 Libri
836 4281 870 4338 2.
895 4311 911 4328 ·
932 4282 1020 4339 Libri
1038 4284 1071 4340 2.
1089 4281 1126 4345 de
1145 4283 1385 4357 compunctione:
1401 4283 1447 4340 De
1466 4277 1537 4356 fato
1558 4289 1587 4342 et

364 4381 487 4458 prauid.
513 4381 673 4440 Orationes
693 4378 726 4436 6.
750 4409 766 4421 -
792 4377 879 4437 Orat.
909 4370 1002 4440 2.⁸olo
1025 4381 1204 4457 precatione
1225 4411 1242 4424 -
1263 4381 1351 4439 Libri
1377 4383 1412 4439 3.
1442 4379 1587 4440 aduersus

369 4485 597 4554 oppupnatores
614 4478 696 4536 uitae
724 4478 924 4549 monasticae,
954 4478 1067 4553 quibus
1097 4478 1135 4536 ob
1165 4479 1315 4539 materiae
1346 4478 1585 4539 similitudinem
1703 4468 1704 4472 ¹

369 4575 458 4652 iungi
479 4580 585 4653 potest
613 4575 790 4652 opusculum
812 4573 847 4633 cle
869 4566 1108 4651 Comparatione
1129 4578 1212 4652 repis
1239 4585 1268 4636 et
1296 4577 1443 4637 Menuchi
1463 4609 1479 4646 γ
1500 4578 1587 4638 Libri
1702 4606 1703 4616 ¹
