3444 5358
363 457 365 464 Ι
383 386 632 447 salmanticense
652 390 684 446 et
704 386 926 464 Moguntinum
946 387 979 446 in
999 387 1105 446 eadem
1126 403 1231 446 causa.

380 484 563 545 Coloniense
584 485 650 546 edit
671 489 795 545 statuta
817 503 867 546 an.
890 484 977 546 1266.
1005 483 1103 546 iacta.

383 582 600 659 Complutensc
620 588 653 644 et
672 582 879 656 Roffiacense‚
901 582 1051 659 utrinque
1072 582 1146 643 Gan.
1165 569 1195 642 2.

380 681 601 742 Avenioneuse
622 687 729 744 contre
751 681 942 760 Antipepcm
963 686 994 742 et
1015 679 1083 740 eius
1103 695 1251 739 errorem.

377 778 612 840 Machfeldensc
634 779 782 841 delestis
803 784 834 841 et
855 775 1033 856 disciplina.

377 875 572 952 Nicosicnse‚
592 877 785 937 Profession.
808 881 839 938 ct
859 878 935 952 (101,
956 875 987 935 8.

378 973 757 1052 Constantinopolitacam
774 992 834 1052 pro
856 975 976 1035 haeresi
997 971 1244 1034 Palamitaram.

376 1071 546 1148 Anglicum
567 1077 678 1133 contra
699 1077 861 1154 captantes
882 1069 1034 1132 beneficia
1054 1089 1115 1130 non
1137 1069 1294 1146 vacantia.

375 1167 611 1231 Palamitaram
631 1177 742 1231 contra
762 1172 917 1231 Barlaam
938 1177 967 1231 ct
986 1167 1198 1248 nepesinum.

377 1265 612 1328 Machfeldense
633 1270 669 1328 de
690 1268 796 1332 Fastis
818 1267 1025 1328 celebrandis.
1159 1257 1162 1262 ¹

377 1364 574 1426 Londinense
596 1367 722 1428 damnat
743 1367 888 1426 haeresin
910 1363 1058 1427 Wicleffi.

306 1531 308 1538 y
375 1462 554 1524 Parisiense
574 1466 613 1525 ad
635 1466 878 1542 componendum
900 1463 1054 1536 Schisma,

375 1558 573 1622 londinense
595 1566 707 1624 contra
727 1579 853 1623 errores
875 1561 1022 1628 Wicleffl.

801 1847 803 1853 “
848 1835 1032 1900 SAECULO
1052 1835 1123 1898 XV.

375 2047 568 2124 Parisiense,
583 2049 654 2110 Art.
675 2051 704 2110 8.
726 2068 783 2130 pro
804 2051 959 2129 exemptis
981 2055 1076 2136 temp.
1100 2049 1263 2109 schismat.
1508 2045 1597 2106 1404.

373 2147 533 2224 Pragense
554 2153 666 2209 contra
687 2149 920 2210 schismaticos.
1120 2212 1122 2216 ,
1427 2139 1428 2144 ¹
1507 2143 1595 2212 1405·

374 2244 553 2306 Parisiense
575 2248 611 2306 dc
633 2249 771 2308 tollendo
793 2248 975 2309 schismat.
1510 2241 1596 2300 1408-

373 2342 574 2419 Aquileiense
595 2364 652 2424 pro
673 2347 810 2408 tollendo
831 2347 1012 2407 schismate.
1509 2340 1598 2400 1409·

372 2440 618 2520 Perpiaiancasc
633 2463 695 2524 pro
708 2447 873 2524 Antipapa
892 2443 1068 2505 Benedicta.
1531 2437 1597 2498 cod.

373 2538 548 2602 Romanum
569 2548 680 2604 contra
700 2543 861 2604 Hussitas.
1508 2535 1596 2596 1412·

376 2635 572 2698 Londiuense
592 2645 703 2702 contra
725 2639 861 2701 Wicleffi
882 2641 1064 2700 sectatores.
1509 2635 1595 2695 1413.

373 2733 541 2795 Ticinense
562 2740 595 2797 et
615 2737 749 2798 Senensc
770 2756 827 2816 pro
849 2738 970 2798 unitate
990 2738 1191 2818 Graecorum.
1508 2733 1597 2794 1423.

373 2831 559 2908 Hainicnse‚
582 2853 638 2913 pro
659 2835 786 2896 reform.
808 2837 841 2896 et
862 2835 1041 2912 disciplina.
1369 2831 1373 2838 ’
1508 2829 1596 2892 1425.
1642 2869 1648 2888 .

374 2931 567 2995 Bituriccasc
587 2932 625 2995 dc
644 2936 801 2996 sanctione
817 2935 1031 3013 poematica.
1531 2927 1596 2988 cod.

372 3028 656 3107 Francofordiense
676 3034 769 3110 eligit
790 3033 1039 3093 neutralitatem.
1530 3025 1595 3086 eod·

372 3129 574 3191 Lausanensc
595 3135 742 3210 agnoscit
761 3132 865 3204 Nicul.
888 3133 930 3218 V.
954 3131 1041 3191 tollit
1059 3129 1207 3190 schisma.
1508 3125 1594 3186 1449.

372 3225 555 3288 Coloniense
577 3230 692 3308 recipit
713 3235 836 3290 statuta
857 3230 969 3308 Legati
990 3227 1164 3306 Pontificii.
1509 3221 1593 3283 1452.

372 3323 597 3386 suessionense
617 3347 751 3388 canones
772 3327 878 3406 plures
901 3330 1045 3388 renovat.
1506 3321 1595 3382 1456.

371 3421 601 3499 Avenionense‚
623 3430 750 3504 praeter
769 3426 845 3498 0110,
873 3427 1040 3486 confirmat
1070 3423 1248 3502 opinionem
1270 3423 1351 3500 piam
1384 3423 1419 3481 de
1441 3419 1502 3481 Im·

431 3522 591 3582 maculata
612 3522 831 3601 conceptione.
1253 3579 1257 3586 ,
1277 3509 1280 3514 ¹
1506 3517 1594 3578 1457.

374 3613 582 3680 Mantuanum
604 3641 659 3700 pro
681 3622 763 3681 bello
784 3623 896 3682 contra
915 3622 1046 3683 Turcas.
1506 3615 1596 3678 1459.

371 3717 567 3778 Eboracensc
589 3739 647 3796 pro
668 3719 890 3781 reformatione
911 3719 1107 3796 disciplinae.
1507 3712 1594 3774 1467·

373 3815 549 3877 Senonense
569 3819 709 3879 (iunones
731 3819 881 3880 collectos
902 3823 1045 3882 renovat.
1313 3869 1314 3872 .
1506 3811 1594 3871 1435·

831 4095 1014 4159 SAEOULO
1050 4097 1136 4157 XVI.

375 4307 547 4368 Turonensc
563 4325 624 4387 pro
645 4309 729 4383 Repe
748 4312 858 4370 contra
877 4311 1073 4390 Pontificem.
1306 4384 1309 4400 ι

370 4406 524 4465 Pisanum
546 4414 575 4466 et
595 4406 824 4467 Mediolanense
840 4426 901 4486 pro
925 4409 1115 4486 Imperatore
1136 4414 1247 4466 contra
1268 4403 1419 4466 eamdent.

371 4503 572 4564 Bituricense
594 4507 687 4566 Decr.
708 4505 749 4565 23
770 4510 881 4566 contra
901 4507 1076 4568 Luthcrum
1098 4505 1172 4566 Can.
1196 4505 1225 4566 7.
