3404 5360
896 292 1069 353 -106-

378 394 520 454 continet
541 393 574 453 S.
601 391 751 452 Theodori
777 391 920 454 Staditae
952 393 1091 469 epistolas
1123 392 1246 470 aliaque
1270 390 1398 468 scripta
1426 387 1609 468 dogmatice
1686 399 1687 468 p

378 509 490 569 graece
511 496 543 551 et
563 491 671 551 latine.

385 601 390 612 “
438 591 568 650 Praeter
583 589 659 648 haec
674 589 772 648 edidit
792 607 911 666 quoque
923 589 1104 650 Sirmondus
1124 575 1331 648 landesciae
1350 585 1504 646 Fabricii
1518 591 1610 644 netas
1686 547 1687 638 J

377 689 570 764 stipmatieas
588 686 630 746 ad
650 688 847 762 mapistram.
865 719 883 732 -
897 689 933 747 L.
946 689 976 747 3.
991 689 1154 764 Falpentii
1173 686 1210 747 de
1230 688 1361 746 veritate
1380 683 1612 762 praedestina·
1686 663 1687 692 ³

378 787 470 865 tionis
484 793 513 846 et
525 787 660 861 pratiae:
676 787 837 861 Eacerpta
852 803 891 845 ea
905 786 955 846 lib.
971 793 1079 846 contra
1090 787 1279 857 Fabianam·
1294 785 1326 844 S.
1342 782 1517 844 Paschasii
1526 780 1613 842 naa

378 885 456 944 berti
475 901 569 960 opera
579 905 590 956 ;
613 885 750 944 Concide
764 885 897 960 aatiqaa
913 883 1055 957 Gallica·
1075 887 1113 944 B.
1136 884 1316 944 Theodereti
1329 883 1396 960 Ep.
1418 882 1502 959 Cyri
1517 897 1613 958 opera

378 985 497 1055 omma,-
510 983 677 1043 Hincmari
690 983 881 1044 ltbeemensis
899 984 1044 1061 Arcbiep.
1060 1001 1174 1061 opera;
1188 983 1221 1042 S.
1240 982 1333 1057 (drap.
1354 978 1613 1041 Neecesariensis

378 1083 411 1141 in
424 1082 583 1158 Oripinem
597 1081 1055 1160 orationemprospbeneticam5
1067 1081 1222 1160 Opuscole
1232 1080 1332 1154 veria3
1346 1081 1510 1156 quasdam
1526 1078 1612 1137 vitas

379 1198 456 1256 ques
477 1184 659 1240 recensetur
679 1181 712 1248 in
731 1169 822 1240 Actis
844 1181 1040 1241 Sanctorum.
1063 1180 1204 1240 PlurIma
1231 1195 1307 1238 vero
1331 1181 1452 1240 extant
1476 1176 1609 1236 inedita.

436 1280 604 1339 Dronrsms
624 1281 781 1341 Perimes
803 1278 834 1338 S.
856 1279 884 1339 J.
904 1277 941 1358 (t
963 1276 1063 1358 1652).
1087 1278 1190 1338 Multa
1216 1281 1291 1336 sunt
1316 1274 1413 1352 opera
1442 1293 1529 1350 quae
1559 1273 1611 1331 vel

379 1375 509 1452 scripsit
523 1376 573 1434 vel
588 1375 767 1436 illustrasti
781 1378 832 1435 vel
845 1376 944 1436 edidit
964 1376 1164 1437 doctissimus
1179 1375 1231 1434 hie
1246 1374 1308 1433 vir.
1331 1373 1520 1450 Prachpua
1536 1374 1611 1430 sunt

377 1474 498 1552 Sanesii
511 1474 597 1550 Epis.
615 1474 748 1552 Cyrenes
766 1491 860 1550 opera
869 1495 881 1546 ;
902 1475 934 1533 S.
951 1471 1117 1551 Nicephori
1137 1473 1344 1534 Patriarcleae
1359 1469 1609 1545 Constantinep.

349 1623 351 1627 .
375 1563 576 1634 Brevioriam
594 1573 773 1632 historicam
794 1573 831 1633 de
850 1574 939 1633 rebns
957 1575 1049 1650 pestis
1062 1574 1099 1632 ab
1114 1573 1198 1632 edita
1217 1571 1364 1631 Maaritii
1384 1569 1431 1628 ael
1452 1569 1610 1629 Constan-

376 1673 478 1730 tinam
498 1687 592 1748 aseae
613 1673 855 1750 (lepronymam
876 1673 908 1733 S.
923 1674 962 1732 P.
978 1671 1017 1732 N.
1041 1671 1216 1748 Epiphanii
1238 1669 1443 1729 Constantine
1465 1669 1533 1726 sive
1554 1667 1613 1726 Sa·

376 1772 501 1831 laminis
520 1773 555 1830 ia
577 1773 678 1851 Cypro
698 1773 758 1849 Ep.
783 1789 877 1850 opera
898 1772 1002 1831 omnia
1023 1789 1093 1830 cum
1114 1769 1461 1840 animadversionibus,
1487 1772 1523 1827 et
1546 1768 1610 1825 dis-

376 1871 601 1931 sertationibus
623 1871 740 1945 variis3
760 1873 841 1949 Opas
854 1871 893 1950 dc
907 1870 1050 1930 doctrina
1064 1876 1251 1946 temporam3
1274 1867 1507 1944 Uranolepiam
1514 1887 1527 1939 ,·
1544 1866 1611 1924 Dis-

373 1971 552 2029 sertatieaes
570 1971 805 2042 astronomicae,
819 1951 1063 2045 chronolopicaa
1081 1971 1249 2046 polemicae
1263 1977 1317 2030 ete.
1332 2003 1353 2016 -
1372 1969 1608 2031 Ratioaariam

375 2075 548 2144 temporam
569 2069 602 2126 in
622 2071 655 2128 2.
677 2076 762 2146 part.
787 2069 947 2129 tricatam.
964 2070 1012 2128 La
1027 2071 1131 2146 pierre
1150 2069 1187 2129 de
1209 2071 1315 2128 teacbe
1337 2071 1605 2145 chronolepiqae;

374 2165 491 2224 [aliani
504 2165 582 2243 imp.
598 2185 708 2242 epera;
723 2167 760 2227 de
775 2167 908 2226 Pbotiao
928 2167 1081 2226 leaeretico
1100 2169 1221 2244 eiasqae
1236 2167 1437 2227 damnatione
1452 2169 1490 2226 in
1507 2167 1541 2224 5.
1558 2183 1608 2242 sy-

375 2262 462 2322 nodis
489 2271 552 2326 etc.
575 2264 759 2325 dissertatio.
786 2266 940 2326 Elencbas
969 2265 1123 2326 diatribae
1147 2267 1307 2342 atriaspae
1335 2265 1372 2325 de
1399 2266 1544 2325 Platiae
1579 2269 1606 2323 ct

373 2365 526 2423 sirmiensi
536 2354 672 2442 spnedo‚·
688 2365 730 2424 De
739 2370 890 2440 potestate
903 2363 1111 2436 consecrandi,
1127 2371 1156 2424 et
1169 2363 1369 2442 sacrificandi
1388 2363 1605 2426 sacerdotibus

375 2482 396 2524 a
414 2465 475 2522 Dee
495 2479 631 2522 concessa
651 2462 747 2538 depae
772 2463 984 2522 communione
1011 2463 1194 2539 asarpanda
1219 2463 1356 2522 diatriba
1380 2469 1496 2532 eontra
1527 2481 1603 2522 anc-

376 2579 516 2638 nymum.
539 2562 797 2623 Dissertationum
819 2562 1091 2622 ecctatasttcaram
1116 2562 1166 2620 lib.
1189 2563 1221 2620 2.
1245 2563 1287 2621 De
1308 2563 1513 2622 ecclesiastica
1541 2561 1605 2620 bie·

374 2661 502 2718 rarcleia
529 2660 578 2717 lib.
608 2661 639 2717 5.
663 2661 706 2718 De
729 2659 984 2734 Pelapioneram,
1006 2667 1035 2720 et
1060 2660 1383 2736 Semipelapianeram
1410 2661 1604 2737 dopmatam

160 2745 162 2749 ’
255 2758 258 2764 ’
374 2758 521 2828 historia;
542 2759 585 2818 De
606 2757 696 2817 libere
718 2757 869 2829 arbitrie‚·
891 2759 1007 2818 eontra
1026 2776 1100 2817 vero
1122 2759 1324 2818 Vlnccntium
1346 2759 1440 2818 Lenis
1463 2757 1603 2837 scripsit

255 2931 256 2934 Ἴ
374 2858 547 2918 Elencham
571 2856 738 2917 Theriacae
756 2855 909 2917 Viacentii
928 2857 1028 2916 Lenis.
1052 2887 1068 2902 -
1090 2858 1250 2917 Adversus
1270 2857 1441 2917 Arnaldum
1463 2855 1602 2934 scripsit

373 2959 417 3016 De
437 2957 469 3014 la
484 2956 645 3032 ptnitence
659 2956 807 3033 pabliqae
821 2963 850 3016 et
864 2955 901 3015 de
915 2956 946 3015 la
961 2957 1169 3033 preparation
1189 2959 1209 3014 d
1231 2957 1262 3015 la
1282 2956 1479 3016 communion
1497 2957 1552 3016 lib.
1569 2955 1602 3013 6.

378 3055 627 3139 Ilieolepicorpm
648 3054 832 3129 depactam
857 3055 939 3112 Tem.
960 3053 993 3112 4.
1016 3055 1167 3116 Petevius
1189 3055 1221 3112 in
1243 3072 1277 3114 re
1298 3055 1525 3132 chronologica
1547 3073 1599 3114 ne·

376 3153 453 3214 mini
475 3152 539 3214 fuit
560 3153 725 3216 secundus.

432 3253 568 3312 nicosa
588 3253 676 3312 eoin
697 3253 774 3312 ean.
797 3252 914 3312 raso.
937 3250 973 3330 (e
991 3247 1092 3330 mes).
1112 3252 1160 3312 Ae
1181 3269 1217 3310 eo
1238 3251 1388 3328 proaem.
1407 3285 1423 3296 -
1444 3227 1601 3312 naaoa-
1686 3333 1687 3342 .

374 3348 449 3422 pica
467 3349 529 3406 sice
553 3349 668 3406 mtaale
695 3336 880 3422 praeconem
907 3365 984 3425 epus
1010 3349 1226 3408 doctissimum
1254 3355 1286 3409 et
1314 3367 1444 3422 rerum‚·
1468 3350 1600 3426 Geerpii

296 3506 298 3510 ,
376 3443 509 3504 Cedreni
518 3444 731 3520 compendium
742 3445 955 3518 historiarum·
966 3447 1051 3506 Ioan.
1062 3449 1209 3526 Seplitzes
1221 3448 1421 3523 Oarepalates
1432 3450 1597 3527 excipiens

376 3543 430 3601 nbi
450 3543 605 3604 Cedrenus
620 3543 748 3616 desinit,
764 3561 846 3602 nunc
868 3545 999 3620 primum
1021 3563 1133 3622 graece
1153 3546 1266 3604 editus.
1285 3545 1437 3620 Geerpias
1459 3547 1597 3607 eodinus

378 3641 570 3717 Caropalata
590 3640 627 3700 de
654 3643 759 3720 officiis
784 3659 919 3717 mapnae
941 3643 1098 3703 Ecclesiae
1121 3644 1354 3720 Constantinep.
1380 3643 1507 3720 Geerpii
1529 3663 1596 3704 me-

374 3740 478 3808 nacla',
500 3747 529 3798 et
548 3739 581 3798 S.
610 3741 731 3800 Tarasii
749 3741 949 3817 patriarchae
972 3741 1005 3800 0.
1023 3743 1060 3801 Ρ.
1082 3741 1239 3818 qnondam
1259 3744 1384 3820 syncelli
1402 3744 1595 3820 clerenopra-

371 3837 449 3914 pitia
469 3837 507 3894 ab
527 3837 645 3898 Ademe
666 3857 763 3914 usque
785 3840 822 3900 ad
842 3839 1083 3911 Diocletianum,
1106 3847 1135 3899 ct
1155 3838 1321 3916 Nicephori
1329 3843 1532 3918 patriarchae
1557 3842 1592 3900 C.

375 3935 414 3992 P.
435 3934 623 3994 breviarium
642 3938 994 4015 ctroaopraphtcaa-ab
1014 3939 1131 3996 Ademo
1152 3938 1190 3996 ed
1212 3937 1376 3998 Michaelis
1407 3939 1529 3998 eteius
1552 3939 1589 3999 F.

375 4031 540 4109 Theophili
550 4036 753 4111 temporius.
773 4035 964 4112 Theophanis
973 4037 1223 4113 chronoprapteia
1234 4043 1262 4096 et
1271 4039 1380 4098 Leonis
1388 4039 1594 4114 prammatici
1654 4097 1656 4102 .

375 4136 456 4196 ettae
475 4133 679 4192 recentiorem
699 4135 936 4211 imperatorem.

435 4235 537 4298 Lecns
561 4232 739 4294 Wemsees
767 4233 845 4293 One.
876 4234 955 4294 Ma.
978 4233 1015 4314 (τ
1038 4231 1137 4311 1657).
1169 4234 1290 4293 Auctor
1319 4235 1589 4297 nominatissimus

376 4333 472 4392 triam
479 4331 625 4391 ordinam
633 4330 666 4389 S.
677 4330 839 4390 Francisci
850 4333 1024 4390 annaliam.
1042 4332 1294 4407 Altaepereeius
1311 4335 1592 4410 suntlepatiePhi-

375 4431 452 4506 lippi
474 4432 529 4490 III.
550 4434 582 4489 et
602 4429 656 4488 IV.
678 4428 768 4504 Hisp.
792 4448 899 4506 regum
921 4432 959 4489 nd
979 4429 1112 4490 Paulum
1132 4431 1171 4490 V.
1194 4433 1379 4509 Gregorium
1394 4435 1464 4493 XV.
1485 4438 1518 4493 et
1533 4436 1598 4495 Ur··

376 4528 487 4591 benum
500 4532 576 4594 VIII
585 4547 645 4606 pre
667 4527 842 4616 definienda
860 4529 1066 4588 controversia
1085 4532 1287 4606 conceptionis
1300 4515 1339 4591 Β.
1356 4533 1400 4590 Μ.
1422 4533 1458 4590 V.
1474 4533 1506 4592 In
1527 4551 1586 4610 que
