3444 5358
149 388 349 464 Toletanum,
372 391 462 450 Deor.
483 389 524 453 23
545 394 655 453 contra
676 295 823 467 ArilaInpos,
846 393 922 455 Can.
943 394 992 458 23.

140 487 318 565 Hispanum
340 491 376 550 de
397 491 575 568 receptione
596 492 760 553 Generalis
781 492 822 553 V.

619 808 802 872 SAEOULO
815 811 886 873 VII.

137 1076 366 1153 WIgonnienso
386 1078 422 1136 de
443 1077 612 1151 Paschate,
638 1077 801 1154 Baptismo
821 1080 854 1137 et
875 1077 1125 1138 Praedicatione.
1196 1101 1198 1110 <

137 1174 315 1236 Romanum
337 1193 394 1252 pro
415 1175 642 1236 Monachorum
664 1176 857 1235 Sacerdotio.

139 1271 303 1348 Egarense
326 1271 493 1332 confirmat
514 1269 589 1332 Can.
611 1274 641 1334 2.
665 1273 821 1332 Toletani.

137 1368 374 1430 Malteconense
395 1370 509 1447 probat
530 1370 672 1446 regulam
694 1371 725 1430 S.
749 1369 943 1430 columbani.

138 1466 327 1528 rtoletanum
346 1469 416 1542 1v.,
439 1468 513 1529 Can.
535 1466 600 1542 75„
624 1468 739 1528 statuit
760 1467 1007 1528 additamentum
1021 1468 1173 1544 Filioque.

136 1565 477 1642 Hierosolymitanum‚
499 1566 592 1643 epist.
615 1565 784 1641 Sophronii
805 1566 841 1624 de
861 1568 892 1627 2.
917 1566 1151 1626 voluntatibus.

135 1662 325 1722 Toletanum
347 1664 403 1723 IX.
424 1681 481 1740 pro
501 1662 694 1723 auctoritate
716 1662 828 1739 Regia.
905 1673 910 1680 ’

137 1759 521 1838 Constantinopoliionum
540 1762 709 1838 confirmat
731 1760 875 1821 Eciherin
896 1761 1045 1821 Heraclii

137 1857 316 1918 Romanum
338 1860 465 1919 damnat
485 1859 634 1919 camdem.

138 1955 369 2030 cabillonense,
392 1958 466 2018 Can.
490 1957 529 2018 20
550 1975 621 2016 cum
642 1955 777 2032 profess,
801 1955 884 2016 fidei.
981 2010 983 2016 .

136 2052 294 2114 Africana
315 2055 438 2130 aliquot
458 2058 571 2114 contra
592 2053 832 2114 Monothelitas.

140 2151 315 2211 Romanum
339 2153 466 2213 damnat
486 2153 619 2212 Paulum
640 2156 673 2211 et
693 2151 865 2229 Pyrrhum.

137 2251 352 2310 Lateranense
375 2251 432 2312 sub
454 2251 595 2311 Martino
617 2251 746 2310 damnat
766 2247 1004 2309 Monothelitas.

136 2348 308 2408 Pharensis
331 2348 461 2410 collatio
482 2350 518 2409 de
539 2350 696 2409 Paschate
716 2351 749 2407 et
770 2347 863 2407 rebus
886 2347 1007 2406 Eccles.

136 2444 363 2507 Hudfeldicum
385 2447 501 2524 recipit
520 2446 541 2506 5
561 2445 703 2506 Concilia
724 2445 894 2523 generalia.

136 2544 312 2606 Romanum
334 2545 485 2605 derebus
508 2545 669 2604 Ecclesiae
691 2544 887 2605 Britanniae.

135 2641 370 2703 Mediolanenses
390 2648 422 2704 et
443 2645 619 2704 Romanum
641 2647 753 2703 contra
775 2639 1009 2702 Monothelitar.

135 2741 324 2802 Toletanum
346 2741 461 2819 recipit
481 2743 594 2802 Gener.
617 2741 672 2801 VI.
693 2744 726 2800 et
748 2741 822 2800 Can.
849 2741 896 2800 12.
943 2768 945 2772 ¹

134 2841 321 2900 Toletenum
340 2841 412 2902 XV.
426 2839 567 2916 explicat
588 2838 784 2899 substantias
805 2838 838 2897 In
860 2837 997 2898 Christo.

139 2937 325 2998 Trallianum
344 2957 397 2999 ceu
420 2937 647 3008 Quinaectcm,
672 2936 751 2996 Can.
775 2938 853 2996 102.

137 3037 386 3097 Becenceldense
407 3036 442 3095 de
464 3034 663 3095 immunitate
684 3034 856 3095 Ecclesiae.

134 3135 329 3210 Aquileiense
349 3140 460 3194 contre
480 3133 716 3193 damnationem
736 3133 768 3194 3.
795 3131 932 3208 Capitol.

710 3323 784 3339 .-

601 3453 784 3523 SAEOULO
805 3453 891 3514 VIII.

133 3681 310 3781 Ronlanum
332 3720 472 3782 absolet
492 3715 695 3794 WIlIridum‚
717 3738 779 3780 non
800 3722 942 3781 confirm.
965 3723 1041 3782 Gan.
1059 3719 1240 3781 Trullanos.
1289 3721 1362 3781 709.
1455 3716 1457 3720 ’
1518 3762 1522 3770 ·

133 3819 485 3895 Constantinopolitano
506 3835 562 3894 pro
583 3821 616 3877 et
636 3825 747 3877 contro
768 3820 921 3880 Generale
941 3821 996 3884 VI.

133 3919 277 3978 Romana
298 3921 330 3979 3.
353 3918 385 3976 in
407 3935 503 3976 causa
523 3916 712 3993 ImagInum.
1127 3919 1361 3980 726-730-731.

132 4015 330 4092 LiptInense,
353 4016 428 4076 Gan.
452 4018 480 4076 4.
505 4033 576 4074 cum
597 4014 695 4073 Indic.
721 4014 996 4093 superstitionum.

133 4113 356 4174 GermanIcum
378 4113 506 4172 damnat
526 4112 730 4172 Aldebertum
751 4116 783 4171 et
804 4113 1004 4172 Clementem.

133 4210 309 4268 Romanum
331 4210 458 4269 damnat
478 4211 600 4270 eosdem
622 4214 654 4270 et
674 4209 791 4286 prioris
814 4211 945 4288 scripta.

132 4307 368 4380 Germanicum,
391 4311 514 4367 statuta
534 4311 584 4370 35.
608 4309 639 4367 S.
663 4307 831 4368 Bonifacii.
856 4353 858 4356 .

134 4397 517 4481 constantinopolitanum
537 4413 648 4465 eontra
668 4400 785 4466 cultam
808 4405 1001 4484 Imapinnm.

133 4501 366 4577 Attiniacense,
387 4506 514 4580 pactum
537 4521 664 4581 precum
686 4501 935 4581 prodefunctis.

1291 3819 1360 3883 712.

1289 4016 1360 4076 743.

1287 4113 1359 4174 745.

1287 4211 1357 4272 745.
1455 4233 1458 4240 ¹

1288 4313 1358 4371 747.

1239 4437 1242 4442 Δ
1289 4409 1358 4468 754.

1289 4506 1364 4570 765.·
