<?xml version="1.0" encoding="UTF-8"?>
<!DOCTYPE html PUBLIC "-//W3C//DTD XHTML 1.0 Transitional//EN"
    "http://www.w3.org/TR/xhtml1/DTD/xhtml1-transitional.dtd">
<html xmlns="http://www.w3.org/1999/xhtml" xml:lang="en" lang="en">
 <head>
  <title>
</title>
<meta http-equiv="Content-Type" content="text/html;charset=utf-8" />
  <meta name='ocr-system' content='tesseract 3.04.00' />
  <meta name='ocr-capabilities' content='ocr_page ocr_carea ocr_par ocr_line ocrx_word'/>
</head>
<body>
  <div class='ocr_page' id='page_1' title='image "./enchiridionadsa00natgoog_0045.png"; bbox 0 0 3466 5362; ppageno 0'>
   <div class='ocr_carea' id='block_1_1' title="bbox 397 322 1628 496">
    <p class='ocr_par' dir='ltr' id='par_1_1' title="bbox 397 322 1628 496">
     <span class='ocr_line' id='line_1_1' title="bbox 924 322 1083 382; baseline 0 -10"><span class='ocrx_word' id='word_1_1' title='bbox 924 356 964 372; x_wconf 87' lang='grc'><strong><em>.-</em></strong></span> <span class='ocrx_word' id='word_1_2' title='bbox 983 322 1023 382; x_wconf 88' lang='grc'><strong><em>40</em></strong></span> <span class='ocrx_word' id='word_1_3' title='bbox 1042 355 1083 372; x_wconf 86' lang='grc'><strong><em>.-</em></strong></span> 
     </span>
     <span class='ocr_line' id='line_1_2' title="bbox 397 419 1628 496; baseline -0.005 -13"><span class='ocrx_word' id='word_1_4' title='bbox 397 424 494 496; x_wconf 92' lang='lat' dir='ltr'><strong><em>oliam,</em></strong></span> <span class='ocrx_word' id='word_1_5' title='bbox 514 421 700 494; x_wconf 79' lang='lat' dir='ltr'><strong><em>Michaeam,</em></strong></span> <span class='ocrx_word' id='word_1_6' title='bbox 715 421 919 494; x_wconf 85' lang='lat' dir='ltr'><strong><em>Zachariam,</em></strong></span> <span class='ocrx_word' id='word_1_7' title='bbox 943 429 972 483; x_wconf 89' lang='lat' dir='ltr'><strong><em>et</em></strong></span> <span class='ocrx_word' id='word_1_8' title='bbox 985 421 1183 482; x_wconf 76' lang='lat' dir='ltr'><em>Malachiam.</em></span> <span class='ocrx_word' id='word_1_9' title='bbox 1201 420 1385 482; x_wconf 72' lang='lat' dir='ltr'><em>Armeniaca</em></span> <span class='ocrx_word' id='word_1_10' title='bbox 1398 423 1546 481; x_wconf 85' lang='lat' dir='ltr'><strong><em>exstant</em></strong></span> <span class='ocrx_word' id='word_1_11' title='bbox 1561 419 1628 478; x_wconf 90' lang='lat' dir='ltr'><strong><em>eius</em></strong></span> 
     </span>
    </p>
   </div>
   <div class='ocr_carea' id='block_1_2' title="bbox 284 517 1629 598">
    <p class='ocr_par' dir='ltr' id='par_1_2' title="bbox 284 517 1629 598">
     <span class='ocr_line' id='line_1_3' title="bbox 284 517 1629 598; baseline -0.006 -15"><span class='ocrx_word' id='word_1_12' title='bbox 284 557 286 562; x_wconf 88' lang='lat'><em>·</em></span> <span class='ocrx_word' id='word_1_13' title='bbox 396 521 557 598; x_wconf 81' lang='lat' dir='ltr'><strong><em>Enpositio</em></strong></span> <span class='ocrx_word' id='word_1_14' title='bbox 577 520 771 580; x_wconf 79' lang='lat' dir='ltr'><em>Harmoniae</em></span> <span class='ocrx_word' id='word_1_15' title='bbox 790 521 1045 597; x_wconf 80' lang='lat' dir='ltr'><strong><em>Evanpeliorum·</em></strong></span> <span class='ocrx_word' id='word_1_16' title='bbox 1057 527 1086 579; x_wconf 88' lang='lat' dir='ltr'><strong><em>et</em></strong></span> <span class='ocrx_word' id='word_1_17' title='bbox 1107 520 1329 588; x_wconf 80' lang='lat' dir='ltr'><strong><em>Commentarii</em></strong></span> <span class='ocrx_word' id='word_1_18' title='bbox 1348 521 1381 577; x_wconf 90' lang='lat' dir='ltr'><strong><em>in</em></strong></span> <span class='ocrx_word' id='word_1_19' title='bbox 1402 519 1579 596; x_wconf 84' lang='lat' dir='ltr'><strong><em>Epistolas</em></strong></span> <span class='ocrx_word' id='word_1_20' title='bbox 1598 517 1629 576; x_wconf 89' lang='lat' dir='ltr'><strong><em>S.</em></strong></span> 
     </span>
    </p>
   </div>
   <div class='ocr_carea' id='block_1_3' title="bbox 332 615 1698 2368">
    <p class='ocr_par' dir='ltr' id='par_1_3' title="bbox 332 615 1698 2368">
     <span class='ocr_line' id='line_1_4' title="bbox 396 615 1632 695; baseline -0.006 -14"><span class='ocrx_word' id='word_1_21' title='bbox 396 621 502 690; x_wconf 91' lang='lat' dir='ltr'><strong><em>Pauli,</em></strong></span> <span class='ocrx_word' id='word_1_22' title='bbox 524 622 656 695; x_wconf 81' lang='lat' dir='ltr'><strong><em>excepta</em></strong></span> <span class='ocrx_word' id='word_1_23' title='bbox 677 620 821 695; x_wconf 86' lang='lat' dir='ltr'><strong><em>Epistola</em></strong></span> <span class='ocrx_word' id='word_1_24' title='bbox 838 622 876 680; x_wconf 94' lang='lat' dir='ltr'><strong><em>ad</em></strong></span> <span class='ocrx_word' id='word_1_25' title='bbox 891 621 1101 680; x_wconf 85' lang='lat' dir='ltr'>Philemonem</span> <span class='ocrx_word' id='word_1_26' title='bbox 1116 619 1309 679; x_wconf 90' lang='lat' dir='ltr'><strong><em>-Sermones</em></strong></span> <span class='ocrx_word' id='word_1_27' title='bbox 1323 618 1391 678; x_wconf 85' lang='lat' dir='ltr'><strong><em>XII</em></strong></span> <span class='ocrx_word' id='word_1_28' title='bbox 1401 617 1445 678; x_wconf 85' lang='lat' dir='ltr'><strong><em>de</em></strong></span> <span class='ocrx_word' id='word_1_29' title='bbox 1468 615 1632 677; x_wconf 83' lang='lat' dir='ltr'><strong><em>Paradiso</em></strong></span> 
     </span>
     <span class='ocr_line' id='line_1_5' title="bbox 396 716 1634 796; baseline -0.003 -18"><span class='ocrx_word' id='word_1_30' title='bbox 396 718 487 778; x_wconf 79' lang='lat' dir='ltr'><strong><em>licien</em></strong></span> <span class='ocrx_word' id='word_1_31' title='bbox 509 748 525 763; x_wconf 94' lang='lat'>-</span> <span class='ocrx_word' id='word_1_32' title='bbox 545 717 706 776; x_wconf 72' lang='lat' dir='ltr'><strong><em>Sermones</em></strong></span> <span class='ocrx_word' id='word_1_33' title='bbox 725 717 789 776; x_wconf 85' lang='lat' dir='ltr'><strong><em>XII</em></strong></span> <span class='ocrx_word' id='word_1_34' title='bbox 798 718 966 796; x_wconf 85' lang='lat' dir='ltr'><strong><em>exegetici‚</em></strong></span> <span class='ocrx_word' id='word_1_35' title='bbox 980 717 1092 794; x_wconf 87' lang='lat' dir='ltr'><strong><em>quibus</em></strong></span> <span class='ocrx_word' id='word_1_36' title='bbox 1114 718 1263 793; x_wconf 88' lang='lat' dir='ltr'><strong><em>quaedam</em></strong></span> <span class='ocrx_word' id='word_1_37' title='bbox 1279 718 1311 777; x_wconf 90' lang='lat' dir='ltr'><strong><em>S.</em></strong></span> <span class='ocrx_word' id='word_1_38' title='bbox 1330 717 1530 794; x_wconf 81' lang='lat' dir='ltr'><strong><em>Scripturas</em></strong></span> <span class='ocrx_word' id='word_1_39' title='bbox 1547 716 1634 775; x_wconf 90' lang='lat' dir='ltr'><strong><em>dicta</em></strong></span> 
     </span>
     <span class='ocr_line' id='line_1_6' title="bbox 332 814 1634 893; baseline 0.001 -23"><span class='ocrx_word' id='word_1_40' title='bbox 332 865 335 870; x_wconf 90' lang='lat'><strong><em>.</em></strong></span> <span class='ocrx_word' id='word_1_41' title='bbox 397 817 448 876; x_wconf 90' lang='lat' dir='ltr'><strong><em>vel</em></strong></span> <span class='ocrx_word' id='word_1_42' title='bbox 468 815 556 876; x_wconf 86' lang='lat' dir='ltr'><strong><em>facta</em></strong></span> <span class='ocrx_word' id='word_1_43' title='bbox 576 814 798 891; x_wconf 80' lang='lat' dir='ltr'><strong><em>explanantur,</em></strong></span> <span class='ocrx_word' id='word_1_44' title='bbox 821 820 853 874; x_wconf 89' lang='lat' dir='ltr'><strong><em>ct</em></strong></span> <span class='ocrx_word' id='word_1_45' title='bbox 874 816 987 893; x_wconf 90' lang='lat' dir='ltr'><strong><em>quibus</em></strong></span> <span class='ocrx_word' id='word_1_46' title='bbox 1008 817 1119 875; x_wconf 90' lang='lat' dir='ltr'><strong><em>addere</em></strong></span> <span class='ocrx_word' id='word_1_47' title='bbox 1141 818 1264 891; x_wconf 76' lang='lat' dir='ltr'><strong><em>oportet</em></strong></span> <span class='ocrx_word' id='word_1_48' title='bbox 1284 815 1407 875; x_wconf 78' lang='lat' dir='ltr'><em>Scholia</em></span> <span class='ocrx_word' id='word_1_49' title='bbox 1420 815 1577 874; x_wconf 85' lang='lat' dir='ltr'><strong><em>Ascetica</em></strong></span> <span class='ocrx_word' id='word_1_50' title='bbox 1598 815 1634 871; x_wconf 91' lang='lat' dir='ltr'><strong><em>in</em></strong></span> 
     </span>
     <span class='ocr_line' id='line_1_7' title="bbox 393 911 1636 992; baseline -0.003 -18"><span class='ocrx_word' id='word_1_51' title='bbox 393 913 543 992; x_wconf 77' lang='lat' dir='ltr'><strong><em>quasdem</em></strong></span> <span class='ocrx_word' id='word_1_52' title='bbox 562 913 595 973; x_wconf 91' lang='lat' dir='ltr'><strong><em>S.</em></strong></span> <span class='ocrx_word' id='word_1_53' title='bbox 618 913 800 990; x_wconf 90' lang='lat' dir='ltr'><strong><em>Scripturae</em></strong></span> <span class='ocrx_word' id='word_1_54' title='bbox 821 915 909 987; x_wconf 90' lang='lat' dir='ltr'><strong><em>locos,</em></strong></span> <span class='ocrx_word' id='word_1_55' title='bbox 936 913 1117 974; x_wconf 84' lang='lat' dir='ltr'><strong><em>Tractatum</em></strong></span> <span class='ocrx_word' id='word_1_56' title='bbox 1138 912 1175 972; x_wconf 81' lang='lat' dir='ltr'><strong><em>cle</em></strong></span> <span class='ocrx_word' id='word_1_57' title='bbox 1194 911 1360 972; x_wconf 86' lang='lat' dir='ltr'><strong><em>Sacerdote</em></strong></span> <span class='ocrx_word' id='word_1_58' title='bbox 1371 913 1447 972; x_wconf 85' lang='lat' dir='ltr'><em>Heli</em></span> <span class='ocrx_word' id='word_1_59' title='bbox 1471 945 1491 958; x_wconf 94' lang='lat'>-</span> <span class='ocrx_word' id='word_1_60' title='bbox 1517 911 1636 971; x_wconf 86' lang='lat' dir='ltr'><strong><em>laude-</em></strong></span> 
     </span>
     <span class='ocr_line' id='line_1_8' title="bbox 395 1011 1634 1088; baseline -0.001 -18"><span class='ocrx_word' id='word_1_61' title='bbox 395 1014 509 1071; x_wconf 92' lang='lat' dir='ltr'><strong><em>tiouem</em></strong></span> <span class='ocrx_word' id='word_1_62' title='bbox 538 1011 746 1082; x_wconf 88' lang='lat' dir='ltr'><strong><em>Psalmorum,</em></strong></span> <span class='ocrx_word' id='word_1_63' title='bbox 778 1018 808 1071; x_wconf 91' lang='lat' dir='ltr'><strong><em>et</em></strong></span> <span class='ocrx_word' id='word_1_64' title='bbox 836 1013 888 1072; x_wconf 91' lang='lat' dir='ltr'><strong><em>Ps.</em></strong></span> <span class='ocrx_word' id='word_1_65' title='bbox 919 1013 973 1072; x_wconf 81' lang='lat'><strong><em>72.</em></strong></span> <span class='ocrx_word' id='word_1_66' title='bbox 1008 1013 1125 1072; x_wconf 83' lang='lat' dir='ltr'><strong><em>breuem</em></strong></span> <span class='ocrx_word' id='word_1_67' title='bbox 1155 1011 1402 1087; x_wconf 83' lang='lat' dir='ltr'><strong><em>caplicationem,</em></strong></span> <span class='ocrx_word' id='word_1_68' title='bbox 1424 1011 1634 1088; x_wconf 81' lang='lat' dir='ltr'><strong><em>quaestiones</em></strong></span> 
     </span>
     <span class='ocr_line' id='line_1_9' title="bbox 395 1109 1632 1186; baseline -0.002 -17"><span class='ocrx_word' id='word_1_69' title='bbox 395 1111 495 1169; x_wconf 84' lang='lat' dir='ltr'><strong><em>breues</em></strong></span> <span class='ocrx_word' id='word_1_70' title='bbox 514 1110 547 1167; x_wconf 90' lang='lat' dir='ltr'><strong><em>in</em></strong></span> <span class='ocrx_word' id='word_1_71' title='bbox 566 1109 600 1168; x_wconf 88' lang='lat' dir='ltr'><strong><em>S.</em></strong></span> <span class='ocrx_word' id='word_1_72' title='bbox 615 1109 828 1186; x_wconf 88' lang='lat' dir='ltr'><strong><em>Scripturam,</em></strong></span> <span class='ocrx_word' id='word_1_73' title='bbox 846 1117 874 1168; x_wconf 92' lang='lat' dir='ltr'><strong><em>et</em></strong></span> <span class='ocrx_word' id='word_1_74' title='bbox 886 1112 1071 1186; x_wconf 71' lang='lat' dir='ltr'><strong><em>fracmenta</em></strong></span> <span class='ocrx_word' id='word_1_75' title='bbox 1093 1111 1214 1186; x_wconf 80' lang='lat' dir='ltr'><strong><em>aliquot</em></strong></span> <span class='ocrx_word' id='word_1_76' title='bbox 1235 1111 1399 1185; x_wconf 79' lang='lat' dir='ltr'><strong><em>enepetiee.</em></strong></span> <span class='ocrx_word' id='word_1_77' title='bbox 1413 1143 1430 1154; x_wconf 95' lang='lat'><em>-</em></span> <span class='ocrx_word' id='word_1_78' title='bbox 1447 1110 1632 1169; x_wconf 88' lang='lat' dir='ltr'><strong><em>Praeterea</em></strong></span> 
     </span>
     <span class='ocr_line' id='line_1_10' title="bbox 395 1207 1698 1284; baseline 0.002 -19"><span class='ocrx_word' id='word_1_79' title='bbox 395 1207 551 1266; x_wconf 90' lang='lat' dir='ltr'><strong><em>habentur</em></strong></span> <span class='ocrx_word' id='word_1_80' title='bbox 571 1207 671 1283; x_wconf 88' lang='lat' dir='ltr'><strong><em>ipsius</em></strong></span> <span class='ocrx_word' id='word_1_81' title='bbox 691 1207 852 1268; x_wconf 85' lang='lat' dir='ltr'><strong><em>Sermones</em></strong></span> <span class='ocrx_word' id='word_1_82' title='bbox 867 1209 1010 1284; x_wconf 79' lang='lat' dir='ltr'><strong><em>polemici</em></strong></span> <span class='ocrx_word' id='word_1_83' title='bbox 1029 1209 1074 1266; x_wconf 87' lang='lat'><strong><em>56</em></strong></span> <span class='ocrx_word' id='word_1_84' title='bbox 1095 1208 1240 1268; x_wconf 77' lang='lat' dir='ltr'><strong><em>cavemus</em></strong></span> <span class='ocrx_word' id='word_1_85' title='bbox 1258 1209 1394 1267; x_wconf 77' lang='lat' dir='ltr'><strong><em>nemea</em></strong></span> <span class='ocrx_word' id='word_1_86' title='bbox 1413 1241 1431 1252; x_wconf 93' lang='lat'>-</span> <span class='ocrx_word' id='word_1_87' title='bbox 1454 1208 1632 1267; x_wconf 87' lang='lat' dir='ltr'><strong><em>Sermones</em></strong></span> <span class='ocrx_word' id='word_1_88' title='bbox 1694 1241 1698 1268; x_wconf 57' lang='lat' dir='ltr'><em>r</em></span> 
     </span>
     <span class='ocr_line' id='line_1_11' title="bbox 390 1288 1632 1384; baseline -0.002 -20"><span class='ocrx_word' id='word_1_89' title='bbox 390 1305 533 1383; x_wconf 80' lang='lat' dir='ltr'><em>polemici</em></span> <span class='ocrx_word' id='word_1_90' title='bbox 561 1305 605 1364; x_wconf 90' lang='grc'><strong><em>80</em></strong></span> <span class='ocrx_word' id='word_1_91' title='bbox 636 1304 781 1365; x_wconf 70' lang='lat' dir='ltr'><strong><em>adrasus</em></strong></span> <span class='ocrx_word' id='word_1_92' title='bbox 810 1306 1017 1380; x_wconf 87' lang='lat' dir='ltr'><strong><em>Scrutatores,</em></strong></span> <span class='ocrx_word' id='word_1_93' title='bbox 1051 1325 1127 1382; x_wconf 89' lang='lat' dir='ltr'><strong><em>quos</em></strong></span> <span class='ocrx_word' id='word_1_94' title='bbox 1161 1288 1324 1384; x_wconf 82' lang='lat' dir='ltr'><strong><em>excipiunt</em></strong></span> <span class='ocrx_word' id='word_1_95' title='bbox 1350 1307 1522 1366; x_wconf 85' lang='lat' dir='ltr'><strong><em>Sermones</em></strong></span> <span class='ocrx_word' id='word_1_96' title='bbox 1545 1305 1569 1364; x_wconf 83' lang='lat'><strong><em>7</em></strong></span> <span class='ocrx_word' id='word_1_97' title='bbox 1593 1304 1632 1362; x_wconf 85' lang='lat' dir='ltr'><strong><em>ee</em></strong></span> 
     </span>
     <span class='ocr_line' id='line_1_12' title="bbox 395 1403 1631 1482; baseline -0.001 -19"><span class='ocrx_word' id='word_1_98' title='bbox 395 1403 590 1478; x_wconf 70' lang='lat' dir='ltr'><strong><em>Menocrito,</em></strong></span> <span class='ocrx_word' id='word_1_99' title='bbox 614 1421 666 1462; x_wconf 89' lang='lat' dir='ltr'><strong><em>seu</em></strong></span> <span class='ocrx_word' id='word_1_100' title='bbox 688 1403 725 1462; x_wconf 87' lang='lat' dir='ltr'><strong><em>ale</em></strong></span> <span class='ocrx_word' id='word_1_101' title='bbox 745 1404 835 1474; x_wconf 80' lang='lat' dir='ltr'><strong><em>Fide,</em></strong></span> <span class='ocrx_word' id='word_1_102' title='bbox 858 1405 973 1482; x_wconf 88' lang='lat' dir='ltr'><strong><em>aliique</em></strong></span> <span class='ocrx_word' id='word_1_103' title='bbox 994 1410 1059 1464; x_wconf 90' lang='lat' dir='ltr'><strong><em>tres</em></strong></span> <span class='ocrx_word' id='word_1_104' title='bbox 1083 1405 1272 1482; x_wconf 89' lang='lat' dir='ltr'><strong><em>simpliciter</em></strong></span> <span class='ocrx_word' id='word_1_105' title='bbox 1287 1404 1324 1464; x_wconf 87' lang='lat' dir='ltr'><strong><em>de</em></strong></span> <span class='ocrx_word' id='word_1_106' title='bbox 1337 1405 1415 1464; x_wconf 81' lang='lat' dir='ltr'><strong><em>Fide</em></strong></span> <span class='ocrx_word' id='word_1_107' title='bbox 1429 1404 1598 1482; x_wconf 88' lang='lat' dir='ltr'><strong><em>inscripti</em></strong></span> <span class='ocrx_word' id='word_1_108' title='bbox 1614 1435 1631 1448; x_wconf 94' lang='lat'>-</span> 
     </span>
     <span class='ocr_line' id='line_1_13' title="bbox 395 1500 1632 1587; baseline -0.001 -27"><span class='ocrx_word' id='word_1_109' title='bbox 395 1501 502 1560; x_wconf 86' lang='lat' dir='ltr'><strong><em>Sermo</em></strong></span> <span class='ocrx_word' id='word_1_110' title='bbox 523 1500 667 1560; x_wconf 79' lang='lat' dir='ltr'><strong><em>aduersus</em></strong></span> <span class='ocrx_word' id='word_1_111' title='bbox 686 1501 814 1561; x_wconf 84' lang='lat' dir='ltr'><strong><em>ludaeos</em></strong></span> <span class='ocrx_word' id='word_1_112' title='bbox 835 1533 851 1546; x_wconf 94' lang='lat'><em>-</em></span> <span class='ocrx_word' id='word_1_113' title='bbox 873 1501 1032 1562; x_wconf 85' lang='lat' dir='ltr'><strong><em>Sermones</em></strong></span> <span class='ocrx_word' id='word_1_114' title='bbox 1056 1505 1098 1562; x_wconf 91' lang='grc'><strong><em>13</em></strong></span> <span class='ocrx_word' id='word_1_115' title='bbox 1119 1503 1156 1563; x_wconf 84' lang='lat' dir='ltr'><strong><em>de</em></strong></span> <span class='ocrx_word' id='word_1_116' title='bbox 1180 1500 1352 1562; x_wconf 86' lang='lat' dir='ltr'><strong><em>Natiuitate</em></strong></span> <span class='ocrx_word' id='word_1_117' title='bbox 1371 1503 1504 1562; x_wconf 82' lang='lat' dir='ltr'><em>Domini</em></span> <span class='ocrx_word' id='word_1_118' title='bbox 1522 1501 1632 1587; x_wconf 91' lang='lat' dir='ltr'><strong><em>-Ser-</em></strong></span> 
     </span>
     <span class='ocr_line' id='line_1_14' title="bbox 397 1599 1635 1677; baseline -0.002 -19"><span class='ocrx_word' id='word_1_119' title='bbox 397 1617 500 1659; x_wconf 90' lang='lat' dir='ltr'><strong><em>mones</em></strong></span> <span class='ocrx_word' id='word_1_120' title='bbox 519 1599 556 1658; x_wconf 85' lang='lat' dir='ltr'><strong><em>de</em></strong></span> <span class='ocrx_word' id='word_1_121' title='bbox 583 1599 706 1660; x_wconf 88' lang='lat' dir='ltr'><strong><em>Sanctis</em></strong></span> <span class='ocrx_word' id='word_1_122' title='bbox 726 1633 743 1646; x_wconf 92' lang='lat'><em>·</em></span> <span class='ocrx_word' id='word_1_123' title='bbox 763 1599 924 1659; x_wconf 85' lang='lat' dir='ltr'><strong><em>Sermones</em></strong></span> <span class='ocrx_word' id='word_1_124' title='bbox 944 1609 1079 1677; x_wconf 85' lang='lat' dir='ltr'><strong><em>quatuor</em></strong></span> <span class='ocrx_word' id='word_1_125' title='bbox 1099 1601 1136 1661; x_wconf 83' lang='lat' dir='ltr'><strong><em>de</em></strong></span> <span class='ocrx_word' id='word_1_126' title='bbox 1156 1601 1247 1660; x_wconf 84' lang='lat' dir='ltr'><em>libero</em></span> <span class='ocrx_word' id='word_1_127' title='bbox 1269 1603 1423 1661; x_wconf 87' lang='lat' dir='ltr'><strong><em>humanae</em></strong></span> <span class='ocrx_word' id='word_1_128' title='bbox 1450 1600 1635 1660; x_wconf 78' lang='lat' dir='ltr'><strong><em>voluntatis</em></strong></span> 
     </span>
     <span class='ocr_line' id='line_1_15' title="bbox 398 1697 1631 1776; baseline -0.002 -20"><span class='ocrx_word' id='word_1_129' title='bbox 398 1698 528 1757; x_wconf 81' lang='lat' dir='ltr'><strong><em>arbitrio</em></strong></span> <span class='ocrx_word' id='word_1_130' title='bbox 550 1729 566 1742; x_wconf 97' lang='lat'>-</span> <span class='ocrx_word' id='word_1_131' title='bbox 589 1700 653 1758; x_wconf 92' lang='lat' dir='ltr'><strong><em>Hos</em></strong></span> <span class='ocrx_word' id='word_1_132' title='bbox 675 1698 910 1774; x_wconf 88' lang='lat' dir='ltr'><strong><em>subsequuntur</em></strong></span> <span class='ocrx_word' id='word_1_133' title='bbox 922 1697 1084 1760; x_wconf 85' lang='lat' dir='ltr'><strong><em>Sermones</em></strong></span> <span class='ocrx_word' id='word_1_134' title='bbox 1105 1701 1158 1775; x_wconf 92' lang='lat' dir='ltr'><strong><em>qui</em></strong></span> <span class='ocrx_word' id='word_1_135' title='bbox 1175 1701 1299 1776; x_wconf 91' lang='lat' dir='ltr'><strong><em>proprie</em></strong></span> <span class='ocrx_word' id='word_1_136' title='bbox 1315 1699 1466 1758; x_wconf 87' lang='lat' dir='ltr'><strong><em>dicuntur</em></strong></span> <span class='ocrx_word' id='word_1_137' title='bbox 1482 1699 1631 1758; x_wconf 86' lang='lat' dir='ltr'><strong><em>Morales</em></strong></span> 
     </span>
     <span class='ocr_line' id='line_1_16' title="bbox 399 1793 1632 1874; baseline 0 -19"><span class='ocrx_word' id='word_1_138' title='bbox 399 1803 428 1855; x_wconf 87' lang='lat' dir='ltr'><strong><em>et</em></strong></span> <span class='ocrx_word' id='word_1_139' title='bbox 447 1797 576 1856; x_wconf 83' lang='lat' dir='ltr'><strong><em>Ascetici</em></strong></span> <span class='ocrx_word' id='word_1_140' title='bbox 597 1829 613 1842; x_wconf 95' lang='lat'><em>-</em></span> <span class='ocrx_word' id='word_1_141' title='bbox 635 1796 821 1856; x_wconf 86' lang='lat' dir='ltr'><strong><em>Paraeneses</em></strong></span> <span class='ocrx_word' id='word_1_142' title='bbox 842 1798 887 1856; x_wconf 88' lang='lat'><strong><em>76</em></strong></span> <span class='ocrx_word' id='word_1_143' title='bbox 910 1815 963 1857; x_wconf 88' lang='lat' dir='ltr'><strong><em>seu</em></strong></span> <span class='ocrx_word' id='word_1_144' title='bbox 986 1797 1180 1858; x_wconf 84' lang='lat' dir='ltr'><strong><em>hortationes</em></strong></span> <span class='ocrx_word' id='word_1_145' title='bbox 1202 1799 1240 1857; x_wconf 92' lang='lat' dir='ltr'><strong><em>ad</em></strong></span> <span class='ocrx_word' id='word_1_146' title='bbox 1270 1797 1500 1874; x_wconf 88' lang='lat' dir='ltr'><strong><em>poenitentiam</em></strong></span> <span class='ocrx_word' id='word_1_147' title='bbox 1527 1829 1546 1842; x_wconf 93' lang='lat'><em>-</em></span> <span class='ocrx_word' id='word_1_148' title='bbox 1570 1793 1632 1855; x_wconf 90' lang='lat' dir='ltr'><strong><em>Ne·</em></strong></span> 
     </span>
     <span class='ocr_line' id='line_1_17' title="bbox 397 1893 1630 1973; baseline -0.001 -19"><span class='ocrx_word' id='word_1_149' title='bbox 397 1913 536 1973; x_wconf 83' lang='lat' dir='ltr'><strong><em>crosyme</em></strong></span> <span class='ocrx_word' id='word_1_150' title='bbox 557 1911 610 1953; x_wconf 91' lang='lat' dir='ltr'><strong><em>seu</em></strong></span> <span class='ocrx_word' id='word_1_151' title='bbox 633 1893 771 1955; x_wconf 76' lang='lat' dir='ltr'><strong><em>Oenones</em></strong></span> <span class='ocrx_word' id='word_1_152' title='bbox 790 1897 933 1971; x_wconf 82' lang='lat' dir='ltr'><strong><em>funebres</em></strong></span> <span class='ocrx_word' id='word_1_153' title='bbox 953 1897 998 1954; x_wconf 88' lang='lat'><strong><em>85</em></strong></span> <span class='ocrx_word' id='word_1_154' title='bbox 1020 1897 1109 1956; x_wconf 87' lang='lat' dir='ltr'><strong><em>vario</em></strong></span> <span class='ocrx_word' id='word_1_155' title='bbox 1143 1899 1243 1956; x_wconf 90' lang='lat' dir='ltr'><strong><em>metro</em></strong></span> <span class='ocrx_word' id='word_1_156' title='bbox 1276 1895 1448 1973; x_wconf 83' lang='lat' dir='ltr'><strong><em>conscripti</em></strong></span> <span class='ocrx_word' id='word_1_157' title='bbox 1471 1927 1490 1940; x_wconf 95' lang='lat'>-</span> <span class='ocrx_word' id='word_1_158' title='bbox 1522 1895 1630 1954; x_wconf 88' lang='lat' dir='ltr'><strong><em>Testa·</em></strong></span> 
     </span>
     <span class='ocr_line' id='line_1_18' title="bbox 398 1993 1630 2071; baseline -0.002 -18"><span class='ocrx_word' id='word_1_159' title='bbox 398 2000 546 2054; x_wconf 90' lang='lat' dir='ltr'><strong><em>mentum.</em></strong></span> <span class='ocrx_word' id='word_1_160' title='bbox 570 1995 669 2070; x_wconf 84' lang='lat' dir='ltr'><strong><em>Opera</em></strong></span> <span class='ocrx_word' id='word_1_161' title='bbox 690 1993 783 2052; x_wconf 89' lang='lat' dir='ltr'><strong><em>dubia</em></strong></span> <span class='ocrx_word' id='word_1_162' title='bbox 803 1999 889 2068; x_wconf 85' lang='lat' dir='ltr'><strong><em>sunt,</em></strong></span> <span class='ocrx_word' id='word_1_163' title='bbox 911 1995 1018 2055; x_wconf 90' lang='lat' dir='ltr'><strong><em>Sermo</em></strong></span> <span class='ocrx_word' id='word_1_164' title='bbox 1037 2001 1166 2071; x_wconf 80' lang='lat' dir='ltr'><strong><em>uterque</em></strong></span> <span class='ocrx_word' id='word_1_165' title='bbox 1185 1996 1219 2052; x_wconf 91' lang='lat' dir='ltr'><strong><em>in</em></strong></span> <span class='ocrx_word' id='word_1_166' title='bbox 1232 1993 1394 2053; x_wconf 78' lang='lat' dir='ltr'><em>Mulierem</em></span> <span class='ocrx_word' id='word_1_167' title='bbox 1403 1994 1630 2070; x_wconf 84' lang='lat' dir='ltr'><strong><em>peccatricem,</em></strong></span> 
     </span>
     <span class='ocr_line' id='line_1_19' title="bbox 399 2092 1631 2169; baseline -0.002 -18"><span class='ocrx_word' id='word_1_168' title='bbox 399 2109 478 2169; x_wconf 83' lang='lat' dir='ltr'><strong><em>puae</em></strong></span> <span class='ocrx_word' id='word_1_169' title='bbox 496 2097 656 2166; x_wconf 84' lang='lat' dir='ltr'><strong><em>unpuento</em></strong></span> <span class='ocrx_word' id='word_1_170' title='bbox 670 2093 842 2154; x_wconf 66' lang='lat' dir='ltr'><strong><em>,Dominum</em></strong></span> <span class='ocrx_word' id='word_1_171' title='bbox 862 2095 965 2153; x_wconf 83' lang='lat' dir='ltr'><strong><em>uenit.</em></strong></span> <span class='ocrx_word' id='word_1_172' title='bbox 987 2094 1094 2153; x_wconf 89' lang='lat' dir='ltr'><strong><em>Sermo</em></strong></span> <span class='ocrx_word' id='word_1_173' title='bbox 1115 2092 1152 2152; x_wconf 84' lang='lat' dir='ltr'><strong><em>de</em></strong></span> <span class='ocrx_word' id='word_1_174' title='bbox 1172 2092 1336 2151; x_wconf 84' lang='lat' dir='ltr'><strong><em>virtutihus</em></strong></span> <span class='ocrx_word' id='word_1_175' title='bbox 1356 2099 1385 2151; x_wconf 90' lang='lat' dir='ltr'><strong><em>et</em></strong></span> <span class='ocrx_word' id='word_1_176' title='bbox 1394 2093 1600 2168; x_wconf 80' lang='lat' dir='ltr'><strong><em>passionibus</em></strong></span> <span class='ocrx_word' id='word_1_177' title='bbox 1615 2124 1631 2136; x_wconf 95' lang='lat'>-</span> 
     </span>
     <span class='ocr_line' id='line_1_20' title="bbox 398 2190 1627 2268; baseline -0.002 -18"><span class='ocrx_word' id='word_1_178' title='bbox 398 2191 576 2250; x_wconf 82' lang='lat' dir='ltr'><strong><em>Sententiae</em></strong></span> <span class='ocrx_word' id='word_1_179' title='bbox 596 2208 635 2249; x_wconf 83' lang='lat' dir='ltr'><strong><em>eu</em></strong></span> <span class='ocrx_word' id='word_1_180' title='bbox 659 2190 806 2266; x_wconf 81' lang='lat' dir='ltr'><strong><em>Operibus</em></strong></span> <span class='ocrx_word' id='word_1_181' title='bbox 825 2192 857 2250; x_wconf 89' lang='lat' dir='ltr'><strong><em>S.</em></strong></span> <span class='ocrx_word' id='word_1_182' title='bbox 873 2193 1023 2268; x_wconf 84' lang='lat' dir='ltr'><strong><em>Ephremi</em></strong></span> <span class='ocrx_word' id='word_1_183' title='bbox 1043 2194 1164 2268; x_wconf 86' lang='lat' dir='ltr'><strong><em>eiusque</em></strong></span> <span class='ocrx_word' id='word_1_184' title='bbox 1184 2193 1249 2251; x_wconf 86' lang='lat' dir='ltr'><strong><em>cita</em></strong></span> <span class='ocrx_word' id='word_1_185' title='bbox 1268 2191 1402 2262; x_wconf 82' lang='lat' dir='ltr'><em>selectae,</em></span> <span class='ocrx_word' id='word_1_186' title='bbox 1428 2197 1457 2249; x_wconf 88' lang='lat' dir='ltr'><strong><em>et</em></strong></span> <span class='ocrx_word' id='word_1_187' title='bbox 1476 2191 1571 2251; x_wconf 81' lang='lat' dir='ltr'><strong><em>aicta</em></strong></span> <span class='ocrx_word' id='word_1_188' title='bbox 1593 2190 1627 2249; x_wconf 91' lang='lat' dir='ltr'><strong><em>S.</em></strong></span> 
     </span>
     <span class='ocr_line' id='line_1_21' title="bbox 399 2287 1624 2368; baseline 0 -20"><span class='ocrx_word' id='word_1_189' title='bbox 399 2288 560 2366; x_wconf 81' lang='lat' dir='ltr'><strong><em>Ephremi.</em></strong></span> <span class='ocrx_word' id='word_1_190' title='bbox 574 2287 650 2347; x_wconf 78' lang='lat' dir='ltr'><strong><em>Eius</em></strong></span> <span class='ocrx_word' id='word_1_191' title='bbox 673 2290 792 2366; x_wconf 87' lang='lat' dir='ltr'><strong><em>scripta</em></strong></span> <span class='ocrx_word' id='word_1_192' title='bbox 808 2293 901 2368; x_wconf 89' lang='lat' dir='ltr'><strong><em>captu</em></strong></span> <span class='ocrx_word' id='word_1_193' title='bbox 923 2290 1033 2352; x_wconf 84' lang='lat' dir='ltr'><em>facilia</em></span> <span class='ocrx_word' id='word_1_194' title='bbox 1048 2294 1134 2365; x_wconf 90' lang='lat' dir='ltr'><strong><em>sunt,</em></strong></span> <span class='ocrx_word' id='word_1_195' title='bbox 1151 2289 1395 2368; x_wconf 77' lang='lat' dir='ltr'><strong><em>praeferuntque</em></strong></span> <span class='ocrx_word' id='word_1_196' title='bbox 1411 2289 1577 2350; x_wconf 91' lang='lat' dir='ltr'><strong><em>hominem</em></strong></span> <span class='ocrx_word' id='word_1_197' title='bbox 1591 2294 1624 2350; x_wconf 88' lang='lat' dir='ltr'><strong><em>in</em></strong></span> 
     </span>
    </p>
   </div>
   <div class='ocr_carea' id='block_1_4' title="bbox 299 2387 1226 2450">
    <p class='ocr_par' dir='ltr' id='par_1_4' title="bbox 299 2387 1226 2450">
     <span class='ocr_line' id='line_1_22' title="bbox 299 2387 1226 2450; baseline 0.003 -3"><span class='ocrx_word' id='word_1_198' title='bbox 299 2405 301 2412; x_wconf 92' lang='lat'>·</span> <span class='ocrx_word' id='word_1_199' title='bbox 398 2388 503 2448; x_wconf 90' lang='lat' dir='ltr'><strong><em>studio</em></strong></span> <span class='ocrx_word' id='word_1_200' title='bbox 524 2387 703 2447; x_wconf 89' lang='lat' dir='ltr'><strong><em>divinarum</em></strong></span> <span class='ocrx_word' id='word_1_201' title='bbox 723 2389 890 2448; x_wconf 90' lang='lat' dir='ltr'><strong><em>literarum</em></strong></span> <span class='ocrx_word' id='word_1_202' title='bbox 911 2391 1226 2450; x_wconf 82' lang='lat' dir='ltr'><strong><em>exercitatissimum.</em></strong></span> 
     </span>
    </p>
   </div>
   <div class='ocr_carea' id='block_1_5' title="bbox 400 2485 1630 3547">
    <p class='ocr_par' dir='ltr' id='par_1_5' title="bbox 400 2485 1630 3156">
     <span class='ocr_line' id='line_1_23' title="bbox 461 2485 1628 2567; baseline 0.001 -22"><span class='ocrx_word' id='word_1_203' title='bbox 461 2488 493 2547; x_wconf 87' lang='lat' dir='ltr'><strong><em>S.</em></strong></span> <span class='ocrx_word' id='word_1_204' title='bbox 514 2487 597 2547; x_wconf 82' lang='lat' dir='ltr'><strong><em>Znuo</em></strong></span> <span class='ocrx_word' id='word_1_205' title='bbox 617 2489 778 2548; x_wconf 81' lang='lat' dir='ltr'><strong><em>Vunouuu.</em></strong></span> <span class='ocrx_word' id='word_1_206' title='bbox 800 2485 836 2567; x_wconf 87' lang='lat' dir='ltr'><strong><em>(f.</em></strong></span> <span class='ocrx_word' id='word_1_207' title='bbox 861 2505 889 2546; x_wconf 89' lang='lat' dir='ltr'><strong><em>a.</em></strong></span> <span class='ocrx_word' id='word_1_208' title='bbox 913 2485 1162 2566; x_wconf 70' lang='lat' dir='ltr'><strong><em>spatiumque</em></strong></span> <span class='ocrx_word' id='word_1_209' title='bbox 1184 2491 1343 2548; x_wconf 87' lang='lat' dir='ltr'><strong><em>tractatus</em></strong></span> <span class='ocrx_word' id='word_1_210' title='bbox 1365 2488 1404 2545; x_wconf 77' lang='lat'><strong><em>77</em></strong></span> <span class='ocrx_word' id='word_1_211' title='bbox 1421 2487 1458 2547; x_wconf 80' lang='lat' dir='ltr'><strong><em>cle</em></strong></span> <span class='ocrx_word' id='word_1_212' title='bbox 1477 2488 1558 2566; x_wconf 79' lang='lat' dir='ltr'><strong><em>fide,</em></strong></span> <span class='ocrx_word' id='word_1_213' title='bbox 1577 2504 1628 2564; x_wconf 91' lang='lat' dir='ltr'><strong><em>spe</em></strong></span> 
     </span>
     <span class='ocr_line' id='line_1_24' title="bbox 401 2577 1630 2663; baseline 0.001 -17"><span class='ocrx_word' id='word_1_214' title='bbox 401 2584 672 2658; x_wconf 70' lang='lat' dir='ltr'><strong><em>melioritatem</em></strong></span> <span class='ocrx_word' id='word_1_215' title='bbox 701 2586 833 2659; x_wconf 91' lang='lat' dir='ltr'><strong><em>iustitia,</em></strong></span> <span class='ocrx_word' id='word_1_216' title='bbox 856 2585 893 2645; x_wconf 82' lang='lat' dir='ltr'><strong><em>cle</em></strong></span> <span class='ocrx_word' id='word_1_217' title='bbox 914 2577 1081 2663; x_wconf 83' lang='lat' dir='ltr'><strong><em>pudicitia,</em></strong></span> <span class='ocrx_word' id='word_1_218' title='bbox 1104 2587 1141 2646; x_wconf 85' lang='lat' dir='ltr'><strong><em>de</em></strong></span> <span class='ocrx_word' id='word_1_219' title='bbox 1170 2586 1357 2657; x_wconf 84' lang='lat' dir='ltr'><strong><em>humilitate,</em></strong></span> <span class='ocrx_word' id='word_1_220' title='bbox 1379 2585 1416 2645; x_wconf 93' lang='lat' dir='ltr'><strong><em>ole</em></strong></span> <span class='ocrx_word' id='word_1_221' title='bbox 1436 2588 1553 2648; x_wconf 90' lang='lat' dir='ltr'><strong><em>timore</em></strong></span> <span class='ocrx_word' id='word_1_222' title='bbox 1574 2588 1630 2646; x_wconf 88' lang='lat' dir='ltr'><strong><em>Dei</em></strong></span> 
     </span>
     <span class='ocr_line' id='line_1_25' title="bbox 400 2683 1624 2762; baseline 0.002 -21"><span class='ocrx_word' id='word_1_223' title='bbox 400 2683 542 2744; x_wconf 90' lang='lat' dir='ltr'><strong><em>naturali</em></strong></span> <span class='ocrx_word' id='word_1_224' title='bbox 572 2691 601 2743; x_wconf 89' lang='lat' dir='ltr'><strong><em>et</em></strong></span> <span class='ocrx_word' id='word_1_225' title='bbox 628 2685 879 2760; x_wconf 83' lang='lat' dir='ltr'><strong><em>supernaturali,</em></strong></span> <span class='ocrx_word' id='word_1_226' title='bbox 911 2684 948 2744; x_wconf 85' lang='lat' dir='ltr'><strong><em>de</em></strong></span> <span class='ocrx_word' id='word_1_227' title='bbox 977 2687 1114 2745; x_wconf 87' lang='lat' dir='ltr'><strong><em>auaritia</em></strong></span> <span class='ocrx_word' id='word_1_228' title='bbox 1143 2690 1227 2758; x_wconf 73' lang='lat' dir='ltr'><strong><em>etc,</em></strong></span> <span class='ocrx_word' id='word_1_229' title='bbox 1259 2687 1422 2762; x_wconf 88' lang='lat' dir='ltr'><strong><em>praeterea</em></strong></span> <span class='ocrx_word' id='word_1_230' title='bbox 1453 2685 1624 2746; x_wconf 88' lang='lat' dir='ltr'><strong><em>breviores</em></strong></span> 
     </span>
     <span class='ocr_line' id='line_1_26' title="bbox 401 2781 1629 2860; baseline 0 -17"><span class='ocrx_word' id='word_1_231' title='bbox 401 2784 571 2843; x_wconf 86' lang='lat' dir='ltr'><strong><em>Tractatus</em></strong></span> <span class='ocrx_word' id='word_1_232' title='bbox 591 2781 628 2841; x_wconf 85' lang='lat' dir='ltr'><strong><em>de</em></strong></span> <span class='ocrx_word' id='word_1_233' title='bbox 648 2789 775 2842; x_wconf 89' lang='lat' dir='ltr'><strong><em>aeterne</em></strong></span> <span class='ocrx_word' id='word_1_234' title='bbox 795 2784 872 2841; x_wconf 84' lang='lat' dir='ltr'><em>Filii</em></span> <span class='ocrx_word' id='word_1_235' title='bbox 890 2785 946 2842; x_wconf 86' lang='lat' dir='ltr'><strong><em>Dei</em></strong></span> <span class='ocrx_word' id='word_1_236' title='bbox 965 2785 1163 2858; x_wconf 82' lang='lat' dir='ltr'><strong><em>poneretione</em></strong></span> <span class='ocrx_word' id='word_1_237' title='bbox 1184 2785 1304 2860; x_wconf 80' lang='lat' dir='ltr'><strong><em>eiusque</em></strong></span> <span class='ocrx_word' id='word_1_238' title='bbox 1325 2782 1488 2844; x_wconf 82' lang='lat' dir='ltr'><strong><em>divinitate</em></strong></span> <span class='ocrx_word' id='word_1_239' title='bbox 1512 2789 1629 2845; x_wconf 89' lang='lat' dir='ltr'><strong><em>contra</em></strong></span> 
     </span>
     <span class='ocr_line' id='line_1_27' title="bbox 401 2881 1628 2957; baseline 0.001 -17"><span class='ocrx_word' id='word_1_240' title='bbox 401 2881 535 2940; x_wconf 88' lang='lat' dir='ltr'><strong><em>Arianos</em></strong></span> <span class='ocrx_word' id='word_1_241' title='bbox 557 2914 573 2926; x_wconf 94' lang='lat'><em>-</em></span> <span class='ocrx_word' id='word_1_242' title='bbox 594 2883 638 2941; x_wconf 91' lang='lat' dir='ltr'><strong><em>De</em></strong></span> <span class='ocrx_word' id='word_1_243' title='bbox 657 2881 779 2940; x_wconf 87' lang='lat' dir='ltr'><strong><em>Sanctis</em></strong></span> <span class='ocrx_word' id='word_1_244' title='bbox 799 2881 981 2957; x_wconf 82' lang='lat' dir='ltr'><strong><em>quibusdam</em></strong></span> <span class='ocrx_word' id='word_1_245' title='bbox 1016 2883 1129 2942; x_wconf 88' lang='lat' dir='ltr'><strong><em>Veteris</em></strong></span> <span class='ocrx_word' id='word_1_246' title='bbox 1154 2881 1339 2943; x_wconf 78' lang='lat' dir='ltr'><strong><em>Testamenti</em></strong></span> <span class='ocrx_word' id='word_1_247' title='bbox 1373 2890 1401 2943; x_wconf 91' lang='lat' dir='ltr'><strong><em>et</em></strong></span> <span class='ocrx_word' id='word_1_248' title='bbox 1421 2882 1458 2942; x_wconf 90' lang='lat' dir='ltr'><strong><em>ele</em></strong></span> <span class='ocrx_word' id='word_1_249' title='bbox 1478 2883 1552 2942; x_wconf 86' lang='lat' dir='ltr'><strong><em>aliis</em></strong></span> <span class='ocrx_word' id='word_1_250' title='bbox 1574 2903 1628 2944; x_wconf 88' lang='lat' dir='ltr'><strong><em>ar-</em></strong></span> 
     </span>
     <span class='ocr_line' id='line_1_28' title="bbox 404 2967 1625 3056; baseline 0.002 -18"><span class='ocrx_word' id='word_1_251' title='bbox 404 2981 570 3056; x_wconf 78' lang='lat' dir='ltr'><strong><em>pumentis.</em></strong></span> <span class='ocrx_word' id='word_1_252' title='bbox 580 2981 637 3040; x_wconf 86' lang='lat' dir='ltr'><strong><em>Ed.</em></strong></span> <span class='ocrx_word' id='word_1_253' title='bbox 647 2980 807 3039; x_wconf 90' lang='lat' dir='ltr'><strong><em>luculenta</em></strong></span> <span class='ocrx_word' id='word_1_254' title='bbox 819 2979 905 3040; x_wconf 85' lang='lat' dir='ltr'><strong><em>facta</em></strong></span> <span class='ocrx_word' id='word_1_255' title='bbox 917 2967 967 3041; x_wconf 85' lang='lat' dir='ltr'><strong><em>est</em></strong></span> <span class='ocrx_word' id='word_1_256' title='bbox 980 2983 1121 3044; x_wconf 88' lang='lat' dir='ltr'><strong><em>Veronae</em></strong></span> <span class='ocrx_word' id='word_1_257' title='bbox 1136 3000 1184 3041; x_wconf 90' lang='lat' dir='ltr'><strong><em>an.</em></strong></span> <span class='ocrx_word' id='word_1_258' title='bbox 1200 2981 1277 3040; x_wconf 82' lang='lat'>1793</span> <span class='ocrx_word' id='word_1_259' title='bbox 1291 3000 1310 3041; x_wconf 90' lang='lat' dir='ltr'><strong><em>a</em></strong></span> <span class='ocrx_word' id='word_1_260' title='bbox 1324 2981 1489 3055; x_wconf 90' lang='lat' dir='ltr'><strong><em>Ballerini,</em></strong></span> <span class='ocrx_word' id='word_1_261' title='bbox 1507 2999 1625 3043; x_wconf 87' lang='lat' dir='ltr'><strong><em>recusa</em></strong></span> 
     </span>
     <span class='ocr_line' id='line_1_29' title="bbox 405 3077 1511 3156; baseline 0.001 -17"><span class='ocrx_word' id='word_1_262' title='bbox 405 3097 478 3139; x_wconf 91' lang='lat' dir='ltr'><strong><em>cum</em></strong></span> <span class='ocrx_word' id='word_1_263' title='bbox 498 3097 580 3138; x_wconf 87' lang='lat' dir='ltr'><strong><em>nova</em></strong></span> <span class='ocrx_word' id='word_1_264' title='bbox 601 3079 768 3156; x_wconf 86' lang='lat' dir='ltr'><em>appendice</em></span> <span class='ocrx_word' id='word_1_265' title='bbox 788 3077 951 3156; x_wconf 83' lang='lat' dir='ltr'><strong><em>Augustae</em></strong></span> <span class='ocrx_word' id='word_1_266' title='bbox 972 3079 1096 3140; x_wconf 88' lang='lat' dir='ltr'><strong><em>Vindel.</em></strong></span> <span class='ocrx_word' id='word_1_267' title='bbox 1120 3099 1171 3140; x_wconf 92' lang='lat' dir='ltr'><strong><em>an.</em></strong></span> <span class='ocrx_word' id='word_1_268' title='bbox 1196 3079 1283 3140; x_wconf 84' lang='lat'><strong><em>1758.</em></strong></span> <span class='ocrx_word' id='word_1_269' title='bbox 1498 3081 1511 3092; x_wconf 84' lang='grc'><em>“</em></span> 
     </span>
    </p>

    <p class='ocr_par' dir='ltr' id='par_1_6' title="bbox 405 3174 1628 3547">
     <span class='ocr_line' id='line_1_30' title="bbox 464 3174 1622 3256; baseline 0 -20"><span class='ocrx_word' id='word_1_270' title='bbox 464 3177 495 3236; x_wconf 88' lang='lat' dir='ltr'><strong><em>S.</em></strong></span> <span class='ocrx_word' id='word_1_271' title='bbox 518 3177 664 3240; x_wconf 73' lang='lat' dir='ltr'><strong><em>Bastulus</em></strong></span> <span class='ocrx_word' id='word_1_272' title='bbox 684 3175 774 3237; x_wconf 73' lang='lat' dir='ltr'><strong><em>(tuns.</em></strong></span> <span class='ocrx_word' id='word_1_273' title='bbox 795 3175 834 3256; x_wconf 84' lang='lat' dir='ltr'><strong><em>(l.</em></strong></span> <span class='ocrx_word' id='word_1_274' title='bbox 857 3195 885 3236; x_wconf 93' lang='lat' dir='ltr'><strong><em>a.</em></strong></span> <span class='ocrx_word' id='word_1_275' title='bbox 907 3174 990 3256; x_wconf 87' lang='lat'><strong><em>365).</em></strong></span> <span class='ocrx_word' id='word_1_276' title='bbox 1013 3179 1118 3240; x_wconf 76' lang='lat' dir='ltr'><strong><em>Osann</em></strong></span> <span class='ocrx_word' id='word_1_277' title='bbox 1137 3194 1315 3241; x_wconf 74' lang='lat' dir='ltr'><strong><em>nocuerim</em></strong></span> <span class='ocrx_word' id='word_1_278' title='bbox 1338 3178 1368 3237; x_wconf 88' lang='lat' dir='ltr'><strong><em>S.</em></strong></span> <span class='ocrx_word' id='word_1_279' title='bbox 1394 3177 1505 3237; x_wconf 89' lang='lat' dir='ltr'><strong><em>Basilii</em></strong></span> <span class='ocrx_word' id='word_1_280' title='bbox 1529 3181 1622 3247; x_wconf 91' lang='lat' dir='ltr'><strong><em>sunt,</em></strong></span> 
     </span>
     <span class='ocr_line' id='line_1_31' title="bbox 405 3275 1628 3352; baseline -0.001 -16"><span class='ocrx_word' id='word_1_281' title='bbox 405 3276 493 3336; x_wconf 84' lang='lat' dir='ltr'><em>Libri</em></span> <span class='ocrx_word' id='word_1_282' title='bbox 520 3277 653 3352; x_wconf 79' lang='lat' dir='ltr'><strong><em>quinque</em></strong></span> <span class='ocrx_word' id='word_1_283' title='bbox 682 3276 827 3335; x_wconf 86' lang='lat' dir='ltr'><strong><em>aduersus</em></strong></span> <span class='ocrx_word' id='word_1_284' title='bbox 847 3277 1038 3334; x_wconf 82' lang='lat' dir='ltr'><strong><em>Eunomium</em></strong></span> <span class='ocrx_word' id='word_1_285' title='bbox 1059 3295 1189 3352; x_wconf 92' lang='lat' dir='ltr'><strong><em>quorum</em></strong></span> <span class='ocrx_word' id='word_1_286' title='bbox 1212 3281 1278 3335; x_wconf 88' lang='lat' dir='ltr'><strong><em>tres</em></strong></span> <span class='ocrx_word' id='word_1_287' title='bbox 1300 3275 1421 3352; x_wconf 85' lang='lat' dir='ltr'><strong><em>priores</em></strong></span> <span class='ocrx_word' id='word_1_288' title='bbox 1450 3279 1538 3335; x_wconf 90' lang='lat' dir='ltr'><strong><em>certo</em></strong></span> <span class='ocrx_word' id='word_1_289' title='bbox 1562 3279 1628 3337; x_wconf 87' lang='lat' dir='ltr'><strong><em>Ba-</em></strong></span> 
     </span>
     <span class='ocr_line' id='line_1_32' title="bbox 406 3373 1627 3455; baseline -0.002 -23"><span class='ocrx_word' id='word_1_290' title='bbox 406 3373 512 3432; x_wconf 89' lang='lat' dir='ltr'><strong><em>silium</em></strong></span> <span class='ocrx_word' id='word_1_291' title='bbox 533 3377 693 3432; x_wconf 85' lang='lat' dir='ltr'><strong><em>auctorem</em></strong></span> <span class='ocrx_word' id='word_1_292' title='bbox 713 3373 841 3444; x_wconf 88' lang='lat' dir='ltr'><strong><em>habeut,</em></strong></span> <span class='ocrx_word' id='word_1_293' title='bbox 872 3373 1061 3448; x_wconf 84' lang='lat' dir='ltr'><strong><em>posteriores</em></strong></span> <span class='ocrx_word' id='word_1_294' title='bbox 1085 3374 1171 3433; x_wconf 92' lang='lat' dir='ltr'><strong><em>dubii</em></strong></span> <span class='ocrx_word' id='word_1_295' title='bbox 1185 3376 1355 3432; x_wconf 88' lang='lat' dir='ltr'><strong><em>censentur</em></strong></span> <span class='ocrx_word' id='word_1_296' title='bbox 1376 3391 1393 3432; x_wconf 91' lang='lat' dir='ltr'><strong><em>a</em></strong></span> <span class='ocrx_word' id='word_1_297' title='bbox 1414 3375 1568 3435; x_wconf 84' lang='lat' dir='ltr'><strong><em>Garnerio</em></strong></span> <span class='ocrx_word' id='word_1_298' title='bbox 1591 3375 1627 3455; x_wconf 82' lang='lat' dir='ltr'><strong><em>et</em></strong></span> 
     </span>
     <span class='ocr_line' id='line_1_33' title="bbox 406 3470 1624 3547; baseline 0 -18"><span class='ocrx_word' id='word_1_299' title='bbox 406 3471 588 3543; x_wconf 88' lang='lat' dir='ltr'><strong><em>aMarano,</em></strong></span> <span class='ocrx_word' id='word_1_300' title='bbox 611 3472 663 3530; x_wconf 88' lang='lat' dir='ltr'><strong><em>sed</em></strong></span> <span class='ocrx_word' id='word_1_301' title='bbox 684 3470 824 3547; x_wconf 89' lang='lat' dir='ltr'><em>plerique</em></span> <span class='ocrx_word' id='word_1_302' title='bbox 845 3487 951 3529; x_wconf 92' lang='lat' dir='ltr'><strong><em>eorum</em></strong></span> <span class='ocrx_word' id='word_1_303' title='bbox 972 3472 1168 3531; x_wconf 85' lang='lat' dir='ltr'><strong><em>authentiam</em></strong></span> <span class='ocrx_word' id='word_1_304' title='bbox 1202 3471 1385 3542; x_wconf 87' lang='lat' dir='ltr'><strong><em>admittunt,</em></strong></span> <span class='ocrx_word' id='word_1_305' title='bbox 1408 3489 1443 3530; x_wconf 93' lang='lat' dir='ltr'><strong><em>ac</em></strong></span> <span class='ocrx_word' id='word_1_306' title='bbox 1471 3472 1566 3532; x_wconf 86' lang='lat' dir='ltr'><strong><em>Liber</em></strong></span> <span class='ocrx_word' id='word_1_307' title='bbox 1587 3471 1624 3529; x_wconf 90' lang='lat' dir='ltr'><strong><em>ole</em></strong></span> 
     </span>
    </p>
   </div>
   <div class='ocr_carea' id='block_1_6' title="bbox 194 3561 1623 3649">
    <p class='ocr_par' dir='ltr' id='par_1_7' title="bbox 194 3561 1623 3649">
     <span class='ocr_line' id='line_1_34' title="bbox 194 3561 1623 3649; baseline 0.001 -24"><span class='ocrx_word' id='word_1_308' title='bbox 194 3569 199 3596; x_wconf 71' lang='lat'><strong><em>&#39;¹</em></strong></span> <span class='ocrx_word' id='word_1_309' title='bbox 304 3561 306 3566; x_wconf 77' lang='grc'><strong>’</strong></span> <span class='ocrx_word' id='word_1_310' title='bbox 403 3567 526 3649; x_wconf 79' lang='lat' dir='ltr'><strong><em>Spiritu</em></strong></span> <span class='ocrx_word' id='word_1_311' title='bbox 545 3567 671 3628; x_wconf 84' lang='lat' dir='ltr'><strong><em>Sancto.-</em></strong></span> <span class='ocrx_word' id='word_1_312' title='bbox 693 3601 709 3613; x_wconf 93' lang='lat'>-</span> <span class='ocrx_word' id='word_1_313' title='bbox 730 3568 834 3629; x_wconf 74' lang='lat' dir='ltr'><strong><em>Orsus</em></strong></span> <span class='ocrx_word' id='word_1_314' title='bbox 847 3583 1018 3630; x_wconf 74' lang='lat' dir='ltr'><strong><em>nuenarius</em></strong></span> <span class='ocrx_word' id='word_1_315' title='bbox 1040 3573 1126 3628; x_wconf 87' lang='lat' dir='ltr'><strong><em>sunt:</em></strong></span> <span class='ocrx_word' id='word_1_316' title='bbox 1147 3568 1301 3627; x_wconf 88' lang='lat' dir='ltr'><strong><em>Homiliae</em></strong></span> <span class='ocrx_word' id='word_1_317' title='bbox 1314 3567 1364 3626; x_wconf 88' lang='lat' dir='ltr'><strong><em>IX</em></strong></span> <span class='ocrx_word' id='word_1_318' title='bbox 1375 3568 1408 3624; x_wconf 90' lang='lat' dir='ltr'><strong><em>in</em></strong></span> <span class='ocrx_word' id='word_1_319' title='bbox 1424 3569 1623 3630; x_wconf 76' lang='lat' dir='ltr'><strong><em>Euaimeron</em></strong></span> 
     </span>
    </p>
   </div>
   <div class='ocr_carea' id='block_1_7' title="bbox 405 3664 1626 4525">
    <p class='ocr_par' dir='ltr' id='par_1_8' title="bbox 405 3664 1626 4525">
     <span class='ocr_line' id='line_1_35' title="bbox 406 3664 1625 3742; baseline 0.003 -19"><span class='ocrx_word' id='word_1_320' title='bbox 406 3697 421 3711; x_wconf 93' lang='lat'>·</span> <span class='ocrx_word' id='word_1_321' title='bbox 442 3665 596 3725; x_wconf 81' lang='lat' dir='ltr'><strong><em>Humiliae</em></strong></span> <span class='ocrx_word' id='word_1_322' title='bbox 614 3667 648 3723; x_wconf 92' lang='lat' dir='ltr'><strong><em>in</em></strong></span> <span class='ocrx_word' id='word_1_323' title='bbox 669 3667 809 3724; x_wconf 91' lang='lat' dir='ltr'><strong><em>Psalmos</em></strong></span> <span class='ocrx_word' id='word_1_324' title='bbox 828 3667 990 3725; x_wconf 90' lang='lat' dir='ltr'><strong><em>nonnullos</em></strong></span> <span class='ocrx_word' id='word_1_325' title='bbox 1010 3685 1090 3741; x_wconf 87' lang='lat' dir='ltr'><strong><em>quae</em></strong></span> <span class='ocrx_word' id='word_1_326' title='bbox 1116 3685 1244 3726; x_wconf 89' lang='lat' dir='ltr'><strong><em>numero</em></strong></span> <span class='ocrx_word' id='word_1_327' title='bbox 1266 3664 1482 3742; x_wconf 84' lang='lat' dir='ltr'><strong><em>duodeviginti</em></strong></span> <span class='ocrx_word' id='word_1_328' title='bbox 1504 3667 1625 3727; x_wconf 88' lang='lat' dir='ltr'><strong><em>haben·</em></strong></span> 
     </span>
     <span class='ocr_line' id='line_1_36' title="bbox 405 3763 1621 3848; baseline 0.002 -26"><span class='ocrx_word' id='word_1_329' title='bbox 405 3767 471 3835; x_wconf 92' lang='lat' dir='ltr'><strong><em>tur,</em></strong></span> <span class='ocrx_word' id='word_1_330' title='bbox 494 3764 547 3822; x_wconf 85' lang='lat' dir='ltr'><strong><em>sed</em></strong></span> <span class='ocrx_word' id='word_1_331' title='bbox 566 3763 691 3822; x_wconf 87' lang='lat' dir='ltr'><strong><em>nonnisi</em></strong></span> <span class='ocrx_word' id='word_1_332' title='bbox 712 3765 947 3839; x_wconf 87' lang='lat' dir='ltr'><strong><em>quatuordecim</em></strong></span> <span class='ocrx_word' id='word_1_333' title='bbox 963 3769 1048 3826; x_wconf 91' lang='lat' dir='ltr'><strong><em>certo</em></strong></span> <span class='ocrx_word' id='word_1_334' title='bbox 1063 3765 1214 3842; x_wconf 81' lang='lat' dir='ltr'><strong><em>genuinae</em></strong></span> <span class='ocrx_word' id='word_1_335' title='bbox 1229 3768 1314 3834; x_wconf 85' lang='lat' dir='ltr'><strong><em>suut,</em></strong></span> <span class='ocrx_word' id='word_1_336' title='bbox 1332 3763 1455 3824; x_wconf 86' lang='lat' dir='ltr'><strong><em>scilicet</em></strong></span> <span class='ocrx_word' id='word_1_337' title='bbox 1468 3765 1563 3848; x_wconf 87' lang='lat' dir='ltr'><strong><em>Hom.</em></strong></span> <span class='ocrx_word' id='word_1_338' title='bbox 1587 3769 1621 3824; x_wconf 92' lang='lat' dir='ltr'><strong><em>in</em></strong></span> 
     </span>
     <span class='ocr_line' id='line_1_37' title="bbox 406 3853 1626 3935; baseline 0.003 -15"><span class='ocrx_word' id='word_1_339' title='bbox 406 3861 459 3920; x_wconf 90' lang='lat' dir='ltr'><strong><em>Ps.</em></strong></span> <span class='ocrx_word' id='word_1_340' title='bbox 484 3861 511 3919; x_wconf 90' lang='lat'><strong><em>1.</em></strong></span> <span class='ocrx_word' id='word_1_341' title='bbox 533 3859 563 3918; x_wconf 84' lang='lat'><strong><em>7.</em></strong></span> <span class='ocrx_word' id='word_1_342' title='bbox 588 3860 635 3918; x_wconf 90' lang='grc'><strong><em>14.</em></strong></span> <span class='ocrx_word' id='word_1_343' title='bbox 657 3862 705 3922; x_wconf 80' lang='lat'><strong><em>28.</em></strong></span> <span class='ocrx_word' id='word_1_344' title='bbox 728 3853 777 3923; x_wconf 72' lang='lat'><strong><em>29.</em></strong></span> <span class='ocrx_word' id='word_1_345' title='bbox 808 3860 859 3934; x_wconf 82' lang='lat'><strong><em>32,</em></strong></span> <span class='ocrx_word' id='word_1_346' title='bbox 891 3863 943 3933; x_wconf 87' lang='lat'><strong><em>33,</em></strong></span> <span class='ocrx_word' id='word_1_347' title='bbox 965 3863 1015 3933; x_wconf 91' lang='grc'><strong><em>44,</em></strong></span> <span class='ocrx_word' id='word_1_348' title='bbox 1037 3862 1085 3933; x_wconf 83' lang='grc'><strong><em>45,</em></strong></span> <span class='ocrx_word' id='word_1_349' title='bbox 1107 3864 1158 3935; x_wconf 90' lang='grc'><strong><em>48,</em></strong></span> <span class='ocrx_word' id='word_1_350' title='bbox 1181 3861 1232 3934; x_wconf 87' lang='lat'><strong><em>59,</em></strong></span> <span class='ocrx_word' id='word_1_351' title='bbox 1254 3863 1304 3935; x_wconf 87' lang='lat'><strong><em>61,</em></strong></span> <span class='ocrx_word' id='word_1_352' title='bbox 1329 3861 1434 3921; x_wconf 69' lang='lat' dir='ltr'><strong><em>nne</em></strong></span> <span class='ocrx_word' id='word_1_353' title='bbox 1468 3863 1536 3923; x_wconf 81' lang='lat'><strong><em>115.</em></strong></span> <span class='ocrx_word' id='word_1_354' title='bbox 1560 3868 1626 3926; x_wconf 90' lang='lat' dir='ltr'><strong><em>Du·</em></strong></span> 
     </span>
     <span class='ocr_line' id='line_1_38' title="bbox 406 3957 1622 4035; baseline 0.006 -19"><span class='ocrx_word' id='word_1_355' title='bbox 406 3957 478 4035; x_wconf 83' lang='lat' dir='ltr'><em>plex</em></span> <span class='ocrx_word' id='word_1_356' title='bbox 499 3974 592 4033; x_wconf 90' lang='lat' dir='ltr'><strong><em>porro</em></strong></span> <span class='ocrx_word' id='word_1_357' title='bbox 612 3963 718 4018; x_wconf 81' lang='lat' dir='ltr'><strong><em>exstat</em></strong></span> <span class='ocrx_word' id='word_1_358' title='bbox 738 3959 868 4020; x_wconf 87' lang='lat' dir='ltr'><strong><em>homilia</em></strong></span> <span class='ocrx_word' id='word_1_359' title='bbox 887 3960 920 4017; x_wconf 92' lang='lat' dir='ltr'><strong><em>in</em></strong></span> <span class='ocrx_word' id='word_1_360' title='bbox 941 3961 994 4020; x_wconf 85' lang='lat' dir='ltr'><strong><em>Ps.</em></strong></span> <span class='ocrx_word' id='word_1_361' title='bbox 1018 3962 1055 4020; x_wconf 87' lang='grc'><strong><em>14</em></strong></span> <span class='ocrx_word' id='word_1_362' title='bbox 1074 3966 1106 4021; x_wconf 92' lang='lat' dir='ltr'><strong><em>et</em></strong></span> <span class='ocrx_word' id='word_1_363' title='bbox 1127 3962 1160 4020; x_wconf 93' lang='lat' dir='ltr'><strong><em>in</em></strong></span> <span class='ocrx_word' id='word_1_364' title='bbox 1182 3961 1232 4019; x_wconf 83' lang='lat' dir='ltr'><strong><em>Ps.</em></strong></span> <span class='ocrx_word' id='word_1_365' title='bbox 1247 3958 1297 4020; x_wconf 82' lang='lat'><strong><em>28.</em></strong></span> <span class='ocrx_word' id='word_1_366' title='bbox 1316 3961 1368 4019; x_wconf 88' lang='lat' dir='ltr'><strong><em>sed</em></strong></span> <span class='ocrx_word' id='word_1_367' title='bbox 1382 3961 1508 4021; x_wconf 85' lang='lat' dir='ltr'><strong><em>homilia</em></strong></span> <span class='ocrx_word' id='word_1_368' title='bbox 1520 3964 1622 4023; x_wconf 91' lang='lat' dir='ltr'><strong><em>altera</em></strong></span> 
     </span>
     <span class='ocr_line' id='line_1_39' title="bbox 409 4055 1623 4134; baseline 0.007 -21"><span class='ocrx_word' id='word_1_369' title='bbox 409 4055 441 4113; x_wconf 90' lang='lat' dir='ltr'><strong><em>in</em></strong></span> <span class='ocrx_word' id='word_1_370' title='bbox 461 4056 513 4114; x_wconf 84' lang='lat' dir='ltr'><strong><em>Ps.</em></strong></span> <span class='ocrx_word' id='word_1_371' title='bbox 539 4055 575 4113; x_wconf 89' lang='grc'><strong><em>14</em></strong></span> <span class='ocrx_word' id='word_1_372' title='bbox 589 4057 731 4130; x_wconf 81' lang='lat' dir='ltr'><strong><em>quamvis</em></strong></span> <span class='ocrx_word' id='word_1_373' title='bbox 746 4057 921 4118; x_wconf 89' lang='lat' dir='ltr'><strong><em>doctrinam</em></strong></span> <span class='ocrx_word' id='word_1_374' title='bbox 936 4059 1055 4118; x_wconf 90' lang='lat' dir='ltr'><strong><em>Basilio</em></strong></span> <span class='ocrx_word' id='word_1_375' title='bbox 1069 4059 1152 4118; x_wconf 89' lang='lat' dir='ltr'><strong><em>haud</em></strong></span> <span class='ocrx_word' id='word_1_376' title='bbox 1166 4058 1326 4134; x_wconf 83' lang='lat' dir='ltr'><strong><em>indiguam</em></strong></span> <span class='ocrx_word' id='word_1_377' title='bbox 1342 4059 1514 4132; x_wconf 86' lang='lat' dir='ltr'><strong><em>contineat,</em></strong></span> <span class='ocrx_word' id='word_1_378' title='bbox 1527 4062 1623 4120; x_wconf 91' lang='lat' dir='ltr'><strong><em>dubia</em></strong></span> 
     </span>
     <span class='ocr_line' id='line_1_40' title="bbox 408 4146 1617 4233; baseline 0.005 -21"><span class='ocrx_word' id='word_1_379' title='bbox 408 4157 511 4212; x_wconf 92' lang='lat' dir='ltr'><strong><em>tamen</em></strong></span> <span class='ocrx_word' id='word_1_380' title='bbox 530 4146 582 4212; x_wconf 88' lang='lat' dir='ltr'><strong><em>est&#39;</em></strong></span> <span class='ocrx_word' id='word_1_381' title='bbox 600 4153 637 4211; x_wconf 92' lang='lat' dir='ltr'><strong><em>ob</em></strong></span> <span class='ocrx_word' id='word_1_382' title='bbox 659 4154 813 4232; x_wconf 81' lang='lat' dir='ltr'><strong><em>insignem</em></strong></span> <span class='ocrx_word' id='word_1_383' title='bbox 834 4157 912 4233; x_wconf 84' lang='lat' dir='ltr'><strong><em>styli</em></strong></span> <span class='ocrx_word' id='word_1_384' title='bbox 934 4157 1164 4227; x_wconf 87' lang='lat' dir='ltr'><strong><em>diversitatem,</em></strong></span> <span class='ocrx_word' id='word_1_385' title='bbox 1187 4155 1289 4215; x_wconf 91' lang='lat' dir='ltr'><strong><em>attere</em></strong></span> <span class='ocrx_word' id='word_1_386' title='bbox 1313 4159 1543 4217; x_wconf 73' lang='lat' dir='ltr'><strong><em>verolamia</em></strong></span> <span class='ocrx_word' id='word_1_387' title='bbox 1565 4161 1617 4221; x_wconf 87' lang='lat' dir='ltr'><strong><em>Ps.</em></strong></span> 
     </span>
     <span class='ocr_line' id='line_1_41' title="bbox 407 4249 1622 4318; baseline 0.007 -10"><span class='ocrx_word' id='word_1_388' title='bbox 407 4249 456 4310; x_wconf 86' lang='grc'><strong><em>28.</em></strong></span> <span class='ocrx_word' id='word_1_389' title='bbox 477 4251 545 4310; x_wconf 90' lang='lat' dir='ltr'><strong><em>iure</em></strong></span> <span class='ocrx_word' id='word_1_390' title='bbox 559 4251 598 4311; x_wconf 91' lang='lat' dir='ltr'><strong><em>ab</em></strong></span> <span class='ocrx_word' id='word_1_391' title='bbox 613 4251 755 4311; x_wconf 90' lang='lat' dir='ltr'><strong><em>omnibus</em></strong></span> <span class='ocrx_word' id='word_1_392' title='bbox 778 4253 935 4312; x_wconf 83' lang='lat' dir='ltr'><strong><em>relicitur.</em></strong></span> <span class='ocrx_word' id='word_1_393' title='bbox 954 4255 1057 4315; x_wconf 73' lang='lat' dir='ltr'><strong><em>Orsua</em></strong></span> <span class='ocrx_word' id='word_1_394' title='bbox 1070 4271 1218 4315; x_wconf 75' lang='lat' dir='ltr'><strong><em>assumet</em></strong></span> <span class='ocrx_word' id='word_1_395' title='bbox 1230 4258 1435 4314; x_wconf 90' lang='lat' dir='ltr'><strong><em>recensentur</em></strong></span> <span class='ocrx_word' id='word_1_396' title='bbox 1460 4255 1622 4318; x_wconf 86' lang='lat' dir='ltr'><strong><em>Tractatus</em></strong></span> 
     </span>
     <span class='ocr_line' id='line_1_42' title="bbox 407 4350 1617 4421; baseline 0.007 -15"><span class='ocrx_word' id='word_1_397' title='bbox 407 4356 467 4409; x_wconf 90' lang='lat' dir='ltr'><strong><em>tres</em></strong></span> <span class='ocrx_word' id='word_1_398' title='bbox 486 4351 616 4421; x_wconf 88' lang='lat' dir='ltr'><strong><em>ascetici,</em></strong></span> <span class='ocrx_word' id='word_1_399' title='bbox 639 4350 763 4409; x_wconf 88' lang='lat' dir='ltr'><strong><em>scilicet</em></strong></span> <span class='ocrx_word' id='word_1_400' title='bbox 784 4351 918 4410; x_wconf 84' lang='lat' dir='ltr'><strong><em>Praevia</em></strong></span> <span class='ocrx_word' id='word_1_401' title='bbox 937 4353 1090 4411; x_wconf 89' lang='lat' dir='ltr'><strong><em>institutio</em></strong></span> <span class='ocrx_word' id='word_1_402' title='bbox 1111 4353 1239 4411; x_wconf 89' lang='lat' dir='ltr'><strong><em>ascetice</em></strong></span> <span class='ocrx_word' id='word_1_403' title='bbox 1261 4369 1314 4410; x_wconf 87' lang='lat' dir='ltr'><strong><em>seu</em></strong></span> <span class='ocrx_word' id='word_1_404' title='bbox 1336 4352 1477 4413; x_wconf 86' lang='lat' dir='ltr'><strong><em>hortatio</em></strong></span> <span class='ocrx_word' id='word_1_405' title='bbox 1498 4357 1535 4415; x_wconf 92' lang='lat' dir='ltr'><strong><em>ad</em></strong></span> <span class='ocrx_word' id='word_1_406' title='bbox 1565 4374 1617 4416; x_wconf 86' lang='lat' dir='ltr'><strong><em>eos</em></strong></span> 
     </span>
     <span class='ocr_line' id='line_1_43' title="bbox 409 4447 1618 4525; baseline 0.007 -20"><span class='ocrx_word' id='word_1_407' title='bbox 409 4447 462 4521; x_wconf 92' lang='lat' dir='ltr'><strong><em>qui</em></strong></span> <span class='ocrx_word' id='word_1_408' title='bbox 482 4448 687 4510; x_wconf 87' lang='lat' dir='ltr'><strong><em>christianam</em></strong></span> <span class='ocrx_word' id='word_1_409' title='bbox 708 4448 929 4525; x_wconf 85' lang='lat' dir='ltr'><strong><em>perfectionem</em></strong></span> <span class='ocrx_word' id='word_1_410' title='bbox 950 4453 1113 4510; x_wconf 87' lang='lat' dir='ltr'><strong><em>sectentur</em></strong></span> <span class='ocrx_word' id='word_1_411' title='bbox 1134 4481 1150 4495; x_wconf 95' lang='lat'><em>-</em></span> <span class='ocrx_word' id='word_1_412' title='bbox 1171 4449 1279 4510; x_wconf 90' lang='lat' dir='ltr'><strong><em>Sermo</em></strong></span> <span class='ocrx_word' id='word_1_413' title='bbox 1299 4453 1442 4511; x_wconf 87' lang='lat' dir='ltr'><strong><em>asceticus</em></strong></span> <span class='ocrx_word' id='word_1_414' title='bbox 1463 4461 1491 4511; x_wconf 95' lang='lat' dir='ltr'><strong><em>et</em></strong></span> <span class='ocrx_word' id='word_1_415' title='bbox 1511 4454 1618 4513; x_wconf 80' lang='lat' dir='ltr'><strong><em>ecstor-</em></strong></span> 
     </span>
    </p>
   </div>
   <div class='ocr_carea' id='block_1_8' title="bbox 408 4547 1619 4626">
    <p class='ocr_par' dir='ltr' id='par_1_9' title="bbox 408 4547 1619 4626">
     <span class='ocr_line' id='line_1_44' title="bbox 408 4547 1619 4626; baseline 0.011 -27"><span class='ocrx_word' id='word_1_416' title='bbox 408 4547 484 4603; x_wconf 90' lang='lat' dir='ltr'><strong><em>tatio</em></strong></span> <span class='ocrx_word' id='word_1_417' title='bbox 505 4547 542 4608; x_wconf 84' lang='lat' dir='ltr'><strong><em>de</em></strong></span> <span class='ocrx_word' id='word_1_418' title='bbox 569 4547 799 4608; x_wconf 89' lang='lat' dir='ltr'><strong><em>renuntiatione</em></strong></span> <span class='ocrx_word' id='word_1_419' title='bbox 827 4549 939 4607; x_wconf 74' lang='lat' dir='ltr'><strong><em>saereuli</em></strong></span> <span class='ocrx_word' id='word_1_420' title='bbox 960 4556 988 4608; x_wconf 92' lang='lat' dir='ltr'><strong><em>et</em></strong></span> <span class='ocrx_word' id='word_1_421' title='bbox 1012 4549 1199 4625; x_wconf 74' lang='lat' dir='ltr'><strong><em>perfectione</em></strong></span> <span class='ocrx_word' id='word_1_422' title='bbox 1228 4549 1426 4626; x_wconf 74' lang='lat' dir='ltr'><strong><em>spiritalior</em></strong></span> <span class='ocrx_word' id='word_1_423' title='bbox 1455 4551 1561 4612; x_wconf 89' lang='lat' dir='ltr'><strong><em>Sermo</em></strong></span> <span class='ocrx_word' id='word_1_424' title='bbox 1584 4552 1619 4612; x_wconf 84' lang='lat' dir='ltr'><strong><em>cle</em></strong></span> 
     </span>
    </p>
   </div>
   <div class='ocr_carea' id='block_1_9' title="bbox 0 0 1748 5362">
    <p class='ocr_par' dir='ltr' id='par_1_10' title="bbox 0 0 1748 5362">
     <span class='ocr_line' id='line_1_45' title="bbox 0 0 1748 5362; baseline 0 0"><span class='ocrx_word' id='word_1_425' title='bbox 0 0 1748 5362; x_wconf 95' lang='lat' dir='ltr'><strong><em> </em></strong></span> 
     </span>
    </p>
   </div>
  </div>
 </body>
</html>
