<?xml version="1.0" encoding="UTF-8"?>
<!DOCTYPE html PUBLIC "-//W3C//DTD XHTML 1.0 Transitional//EN"
    "http://www.w3.org/TR/xhtml1/DTD/xhtml1-transitional.dtd">
<html xmlns="http://www.w3.org/1999/xhtml" xml:lang="en" lang="en">
 <head>
  <title>
</title>
<meta http-equiv="Content-Type" content="text/html;charset=utf-8" />
  <meta name='ocr-system' content='tesseract 3.04.00' />
  <meta name='ocr-capabilities' content='ocr_page ocr_carea ocr_par ocr_line ocrx_word'/>
</head>
<body>
  <div class='ocr_page' id='page_1' title='image "./enchiridionadsa00natgoog_0020.png"; bbox 0 0 3442 5362; ppageno 0'>
   <div class='ocr_carea' id='block_1_1' title="bbox 398 249 884 422">
    <p class='ocr_par' dir='ltr' id='par_1_1' title="bbox 398 249 884 422">
     <span class='ocr_line' id='line_1_1' title="bbox 398 249 884 422; baseline 0.006 -2"><span class='ocrx_word' id='word_1_1' title='bbox 398 249 403 259; x_wconf 34' lang='lat' dir='ltr'><strong>r</strong></span> <span class='ocrx_word' id='word_1_2' title='bbox 448 326 884 422; x_wconf 83' lang='lat' dir='ltr'><strong>GENERALIUM</strong></span> 
     </span>
    </p>
   </div>
   <div class='ocr_carea' id='block_1_2' title="bbox 370 596 1038 674">
    <p class='ocr_par' dir='ltr' id='par_1_2' title="bbox 370 596 1038 674">
     <span class='ocr_line' id='line_1_2' title="bbox 370 596 1038 674; baseline 0.006 -18"><span class='ocrx_word' id='word_1_3' title='bbox 370 596 478 657; x_wconf 84' lang='lat' dir='ltr'>ACTA</span> <span class='ocrx_word' id='word_1_4' title='bbox 499 597 733 674; x_wconf 78' lang='lat' dir='ltr'><strong>PRAEOJPUA</strong></span> <span class='ocrx_word' id='word_1_5' title='bbox 754 597 1038 661; x_wconf 82' lang='lat' dir='ltr'><strong>CONGILIORUM</strong></span> 
     </span>
    </p>
   </div>
   <div class='ocr_carea' id='block_1_3' title="bbox 50 797 1353 948">
    <p class='ocr_par' dir='ltr' id='par_1_3' title="bbox 50 797 1353 948">
     <span class='ocr_line' id='line_1_3' title="bbox 50 797 1353 855; baseline 0.001 -6"><span class='ocrx_word' id='word_1_6' title='bbox 50 806 185 852; x_wconf 73' lang='lat' dir='ltr'><strong>Ecclesiae</strong></span> <span class='ocrx_word' id='word_1_7' title='bbox 199 807 263 853; x_wconf 87' lang='lat' dir='ltr'><strong>tides</strong></span> <span class='ocrx_word' id='word_1_8' title='bbox 277 809 308 854; x_wconf 90' lang='lat' dir='ltr'><strong>de</strong></span> <span class='ocrx_word' id='word_1_9' title='bbox 328 797 434 854; x_wconf 84' lang='lat' dir='ltr'><strong>christo</strong></span> <span class='ocrx_word' id='word_1_10' title='bbox 457 813 506 855; x_wconf 79' lang='lat' dir='ltr'><strong>ileo</strong></span> <span class='ocrx_word' id='word_1_11' title='bbox 527 811 623 855; x_wconf 86' lang='lat' dir='ltr'><strong>contra</strong></span> <span class='ocrx_word' id='word_1_12' title='bbox 638 809 731 854; x_wconf 79' lang='lat' dir='ltr'><strong>Arium</strong></span> <span class='ocrx_word' id='word_1_13' title='bbox 753 809 907 855; x_wconf 82' lang='lat' dir='ltr'><strong>vindicata:</strong></span> <span class='ocrx_word' id='word_1_14' title='bbox 929 809 994 854; x_wconf 88' lang='lat' dir='ltr'><strong>Iura</strong></span> <span class='ocrx_word' id='word_1_15' title='bbox 1012 806 1203 854; x_wconf 75' lang='lat' dir='ltr'><strong>patriarchica</strong></span> <span class='ocrx_word' id='word_1_16' title='bbox 1227 806 1353 852; x_wconf 82' lang='lat' dir='ltr'><strong>firmata:</strong></span> 
     </span>
     <span class='ocr_line' id='line_1_4' title="bbox 91 878 637 948; baseline 0.007 -27"><span class='ocrx_word' id='word_1_17' title='bbox 91 878 232 923; x_wconf 83' lang='lat' dir='ltr'><strong>sublatum</strong></span> <span class='ocrx_word' id='word_1_18' title='bbox 247 879 278 923; x_wconf 89' lang='lat' dir='ltr'><strong>de</strong></span> <span class='ocrx_word' id='word_1_19' title='bbox 294 879 336 923; x_wconf 88' lang='lat' dir='ltr'><strong>die</strong></span> <span class='ocrx_word' id='word_1_20' title='bbox 350 880 474 948; x_wconf 83' lang='lat' dir='ltr'><strong>paschali</strong></span> <span class='ocrx_word' id='word_1_21' title='bbox 488 880 637 926; x_wconf 80' lang='lat' dir='ltr'><strong>dissidium.</strong></span> 
     </span>
    </p>
   </div>
   <div class='ocr_carea' id='block_1_4' title="bbox 48 1043 1352 1324">
    <p class='ocr_par' dir='ltr' id='par_1_4' title="bbox 48 1043 1352 1324">
     <span class='ocr_line' id='line_1_5' title="bbox 48 1043 1352 1104; baseline 0.002 -17"><span class='ocrx_word' id='word_1_22' title='bbox 48 1043 140 1089; x_wconf 86' lang='lat' dir='ltr'><strong>Sancti</strong></span> <span class='ocrx_word' id='word_1_23' title='bbox 154 1045 272 1102; x_wconf 86' lang='lat' dir='ltr'><strong>spiritus</strong></span> <span class='ocrx_word' id='word_1_24' title='bbox 286 1057 346 1092; x_wconf 91' lang='lat' dir='ltr'><strong>cum</strong></span> <span class='ocrx_word' id='word_1_25' title='bbox 361 1049 441 1094; x_wconf 86' lang='lat' dir='ltr'><strong>Patre</strong></span> <span class='ocrx_word' id='word_1_26' title='bbox 455 1047 482 1092; x_wconf 91' lang='lat' dir='ltr'><strong>et</strong></span> <span class='ocrx_word' id='word_1_27' title='bbox 496 1047 565 1094; x_wconf 74' lang='lat' dir='ltr'><strong>uilio</strong></span> <span class='ocrx_word' id='word_1_28' title='bbox 577 1047 852 1096; x_wconf 76' lang='lat' dir='ltr'><strong>consubstantialitas</strong></span> <span class='ocrx_word' id='word_1_29' title='bbox 865 1049 960 1095; x_wconf 85' lang='lat' dir='ltr'><strong>contra</strong></span> <span class='ocrx_word' id='word_1_30' title='bbox 970 1045 1154 1094; x_wconf 87' lang='lat' dir='ltr'><strong>Macedonium</strong></span> <span class='ocrx_word' id='word_1_31' title='bbox 1168 1047 1352 1104; x_wconf 78' lang='lat' dir='ltr'><strong>propugnata.</strong></span> 
     </span>
     <span class='ocr_line' id='line_1_6' title="bbox 50 1250 845 1324; baseline 0.005 -30"><span class='ocrx_word' id='word_1_32' title='bbox 50 1250 156 1298; x_wconf 87' lang='lat' dir='ltr'><strong>Mariae</strong></span> <span class='ocrx_word' id='word_1_33' title='bbox 171 1251 302 1309; x_wconf 80' lang='lat' dir='ltr'><strong>beinarae</strong></span> <span class='ocrx_word' id='word_1_34' title='bbox 316 1252 435 1324; x_wconf 76' lang='lat' dir='ltr'><strong>dignitas</strong></span> <span class='ocrx_word' id='word_1_35' title='bbox 451 1252 558 1300; x_wconf 89' lang='lat' dir='ltr'><strong>asserta</strong></span> <span class='ocrx_word' id='word_1_36' title='bbox 573 1253 669 1299; x_wconf 86' lang='lat' dir='ltr'><strong>contra</strong></span> <span class='ocrx_word' id='word_1_37' title='bbox 683 1252 845 1299; x_wconf 78' lang='lat' dir='ltr'><strong>Nestorium.</strong></span> 
     </span>
    </p>
   </div>
   <div class='ocr_carea' id='block_1_5' title="bbox 50 1451 968 1518">
    <p class='ocr_par' dir='ltr' id='par_1_5' title="bbox 50 1451 968 1518">
     <span class='ocr_line' id='line_1_7' title="bbox 50 1451 968 1518; baseline 0.004 -16"><span class='ocrx_word' id='word_1_38' title='bbox 50 1461 105 1502; x_wconf 83' lang='lat' dir='ltr'><strong>Dux</strong></span> <span class='ocrx_word' id='word_1_39' title='bbox 120 1460 369 1518; x_wconf 79' lang='lat' dir='ltr'><strong>monophysitarum</strong></span> <span class='ocrx_word' id='word_1_40' title='bbox 385 1451 515 1518; x_wconf 83' lang='lat' dir='ltr'><strong>itutycbes</strong></span> <span class='ocrx_word' id='word_1_41' title='bbox 530 1472 590 1508; x_wconf 92' lang='lat' dir='ltr'><strong>cum</strong></span> <span class='ocrx_word' id='word_1_42' title='bbox 606 1472 656 1510; x_wconf 85' lang='lat' dir='ltr'><strong>sua</strong></span> <span class='ocrx_word' id='word_1_43' title='bbox 671 1462 778 1510; x_wconf 88' lang='lat' dir='ltr'><strong>haeresi</strong></span> <span class='ocrx_word' id='word_1_44' title='bbox 792 1460 968 1518; x_wconf 82' lang='lat' dir='ltr'><strong>proscriptus.</strong></span> 
     </span>
    </p>
   </div>
   <div class='ocr_carea' id='block_1_6' title="bbox 17 1593 1353 1748">
    <p class='ocr_par' dir='ltr' id='par_1_6' title="bbox 17 1593 1353 1748">
     <span class='ocr_line' id='line_1_8' title="bbox 17 1593 1353 1744; baseline -0.001 -73"><span class='ocrx_word' id='word_1_45' title='bbox 17 1593 19 1601; x_wconf 15' lang='grc' dir='ltr'>λ</span> <span class='ocrx_word' id='word_1_46' title='bbox 49 1627 200 1744; x_wconf 52' lang='grc' dir='ltr'><em>Τὴεῖᾱοτυίε</em></span> <span class='ocrx_word' id='word_1_47' title='bbox 215 1631 413 1687; x_wconf 87' lang='lat' dir='ltr'><strong>Mopsuesteuus</strong></span> <span class='ocrx_word' id='word_1_48' title='bbox 427 1631 537 1689; x_wconf 88' lang='lat' dir='ltr'><strong>eiusque</strong></span> <span class='ocrx_word' id='word_1_49' title='bbox 551 1628 655 1690; x_wconf 86' lang='lat' dir='ltr'><strong>scripta</strong></span> <span class='ocrx_word' id='word_1_50' title='bbox 670 1633 802 1680; x_wconf 88' lang='lat' dir='ltr'><strong>damnata</strong></span> <span class='ocrx_word' id='word_1_51' title='bbox 816 1636 877 1694; x_wconf 80' lang='lat' dir='ltr'><strong>cum</strong></span> <span class='ocrx_word' id='word_1_52' title='bbox 891 1630 1049 1677; x_wconf 72' lang='lat' dir='ltr'><strong>‘theodoreti</strong></span> <span class='ocrx_word' id='word_1_53' title='bbox 1064 1631 1091 1677; x_wconf 91' lang='lat' dir='ltr'><strong>et</strong></span> <span class='ocrx_word' id='word_1_54' title='bbox 1101 1630 1165 1676; x_wconf 90' lang='lat' dir='ltr'><strong>lbae</strong></span> <span class='ocrx_word' id='word_1_55' title='bbox 1180 1627 1289 1686; x_wconf 85' lang='lat' dir='ltr'><strong>scriptis</strong></span> <span class='ocrx_word' id='word_1_56' title='bbox 1303 1626 1353 1670; x_wconf 86' lang='lat' dir='ltr'><strong>Ne·</strong></span> 
     </span>
     <span class='ocr_line' id='line_1_9' title="bbox 85 1698 345 1748; baseline 0.015 -4"><span class='ocrx_word' id='word_1_57' title='bbox 85 1698 171 1744; x_wconf 90' lang='lat' dir='ltr'><strong>sorio</strong></span> <span class='ocrx_word' id='word_1_58' title='bbox 196 1701 345 1748; x_wconf 79' lang='lat' dir='ltr'><strong>arentibus.</strong></span> 
     </span>
    </p>
   </div>
   <div class='ocr_carea' id='block_1_7' title="bbox 16 1794 405 1810">
    <p class='ocr_par' dir='ltr' id='par_1_7' title="bbox 16 1794 405 1810">
     <span class='ocr_line' id='line_1_10' title="bbox 16 1794 405 1810; baseline 0.003 -6"><span class='ocrx_word' id='word_1_59' title='bbox 16 1799 17 1804; x_wconf 61' lang='lat' dir='ltr'><strong>t</strong></span> <span class='ocrx_word' id='word_1_60' title='bbox 34 1794 405 1810; x_wconf 70' lang='lat'>——————</span> 
     </span>
    </p>
   </div>
   <div class='ocr_carea' id='block_1_8' title="bbox 47 1873 1015 1944">
    <p class='ocr_par' dir='ltr' id='par_1_8' title="bbox 47 1873 1015 1944">
     <span class='ocr_line' id='line_1_11' title="bbox 47 1873 1015 1944; baseline 0.012 -28"><span class='ocrx_word' id='word_1_61' title='bbox 47 1873 181 1922; x_wconf 74' lang='lat' dir='ltr'><strong>professio</strong></span> <span class='ocrx_word' id='word_1_62' title='bbox 196 1878 321 1934; x_wconf 78' lang='lat' dir='ltr'><strong>geminae</strong></span> <span class='ocrx_word' id='word_1_63' title='bbox 335 1879 362 1925; x_wconf 90' lang='lat' dir='ltr'><strong>in</strong></span> <span class='ocrx_word' id='word_1_64' title='bbox 376 1879 482 1928; x_wconf 83' lang='lat' dir='ltr'><strong>cbristo</strong></span> <span class='ocrx_word' id='word_1_65' title='bbox 496 1884 663 1940; x_wconf 77' lang='lat' dir='ltr'><strong>operationis</strong></span> <span class='ocrx_word' id='word_1_66' title='bbox 677 1886 802 1944; x_wconf 86' lang='lat' dir='ltr'><strong>opposita</strong></span> <span class='ocrx_word' id='word_1_67' title='bbox 819 1883 1015 1931; x_wconf 86' lang='lat' dir='ltr'><strong>Monotbeletis.</strong></span> 
     </span>
    </p>
   </div>
   <div class='ocr_carea' id='block_1_9' title="bbox 991 2005 1360 2021">
    <p class='ocr_par' dir='ltr' id='par_1_9' title="bbox 991 2005 1360 2021">
     <span class='ocr_line' id='line_1_12' title="bbox 991 2005 1360 2021; baseline 0 -1"><span class='ocrx_word' id='word_1_68' title='bbox 991 2005 1360 2021; x_wconf 71' lang='lat'>—-¹—-</span> 
     </span>
    </p>
   </div>
   <div class='ocr_carea' id='block_1_10' title="bbox 45 2083 913 2158">
    <p class='ocr_par' dir='ltr' id='par_1_10' title="bbox 45 2083 913 2158">
     <span class='ocr_line' id='line_1_13' title="bbox 45 2083 913 2158; baseline 0.016 -34"><span class='ocrx_word' id='word_1_69' title='bbox 45 2083 135 2127; x_wconf 82' lang='lat' dir='ltr'><strong>Honor</strong></span> <span class='ocrx_word' id='word_1_70' title='bbox 150 2083 236 2130; x_wconf 87' lang='lat' dir='ltr'><strong>sacris</strong></span> <span class='ocrx_word' id='word_1_71' title='bbox 251 2083 416 2143; x_wconf 79' lang='lat' dir='ltr'><strong>imaginibus</strong></span> <span class='ocrx_word' id='word_1_72' title='bbox 431 2085 561 2138; x_wconf 89' lang='lat' dir='ltr'><strong>redditus,</strong></span> <span class='ocrx_word' id='word_1_73' title='bbox 575 2085 713 2132; x_wconf 89' lang='lat' dir='ltr'><strong>damnatis</strong></span> <span class='ocrx_word' id='word_1_74' title='bbox 726 2089 913 2158; x_wconf 64' lang='lat' dir='ltr'><strong>iconoclastis</strong></span> 
     </span>
    </p>
   </div>
   <div class='ocr_carea' id='block_1_11' title="bbox 45 2262 1175 2349">
    <p class='ocr_par' dir='ltr' id='par_1_11' title="bbox 45 2262 1175 2349">
     <span class='ocr_line' id='line_1_14' title="bbox 45 2262 1175 2349; baseline 0.007 -21"><span class='ocrx_word' id='word_1_75' title='bbox 45 2285 210 2344; x_wconf 76' lang='lat' dir='ltr'><strong>segregatus</strong></span> <span class='ocrx_word' id='word_1_76' title='bbox 225 2289 261 2335; x_wconf 91' lang='lat' dir='ltr'><strong>ab</strong></span> <span class='ocrx_word' id='word_1_77' title='bbox 275 2290 393 2338; x_wconf 76' lang='lat' dir='ltr'><strong>llcclesia</strong></span> <span class='ocrx_word' id='word_1_78' title='bbox 408 2290 528 2345; x_wconf 88' lang='lat' dir='ltr'><strong>Photius,</strong></span> <span class='ocrx_word' id='word_1_79' title='bbox 543 2290 589 2347; x_wconf 88' lang='lat' dir='ltr'><strong>qui</strong></span> <span class='ocrx_word' id='word_1_80' title='bbox 606 2262 693 2336; x_wconf 88' lang='lat' dir='ltr'><strong>sedem</strong></span> <span class='ocrx_word' id='word_1_81' title='bbox 703 2278 1011 2349; x_wconf 82' lang='lat' dir='ltr'><strong>costantinopolitauam</strong></span> <span class='ocrx_word' id='word_1_82' title='bbox 1026 2291 1175 2338; x_wconf 84' lang='lat' dir='ltr'><strong>invaserat.</strong></span> 
     </span>
    </p>
   </div>
   <div class='ocr_carea' id='block_1_12' title="bbox 991 2415 1362 2429">
    <p class='ocr_par' dir='ltr' id='par_1_12' title="bbox 991 2415 1362 2429">
     <span class='ocr_line' id='line_1_15' title="bbox 991 2415 1362 2429; baseline -0.011 0"><span class='ocrx_word' id='word_1_83' title='bbox 991 2415 1362 2429; x_wconf 51' lang='grc' dir='ltr'><strong><em>Μ</em></strong></span> 
     </span>
    </p>
   </div>
   <div class='ocr_carea' id='block_1_13' title="bbox 44 2495 1068 2556">
    <p class='ocr_par' dir='ltr' id='par_1_13' title="bbox 44 2495 1068 2556">
     <span class='ocr_line' id='line_1_16' title="bbox 44 2495 1068 2556; baseline 0.006 -20"><span class='ocrx_word' id='word_1_84' title='bbox 44 2495 235 2542; x_wconf 86' lang='lat' dir='ltr'><strong>controversia</strong></span> <span class='ocrx_word' id='word_1_85' title='bbox 251 2497 282 2542; x_wconf 89' lang='lat' dir='ltr'><strong>de</strong></span> <span class='ocrx_word' id='word_1_86' title='bbox 296 2501 467 2542; x_wconf 73' lang='lat' dir='ltr'><strong>investituris</strong></span> <span class='ocrx_word' id='word_1_87' title='bbox 482 2498 554 2544; x_wconf 88' lang='lat' dir='ltr'><strong>iuter</strong></span> <span class='ocrx_word' id='word_1_88' title='bbox 569 2500 893 2556; x_wconf 80' lang='lat' dir='ltr'><strong>utramquepotestetem</strong></span> <span class='ocrx_word' id='word_1_89' title='bbox 908 2499 1068 2556; x_wconf 87' lang='lat' dir='ltr'><strong>composita.</strong></span> 
     </span>
    </p>
   </div>
   <div class='ocr_carea' id='block_1_14' title="bbox 43 2663 1349 2794">
    <p class='ocr_par' dir='ltr' id='par_1_14' title="bbox 43 2663 1349 2794">
     <span class='ocr_line' id='line_1_17' title="bbox 43 2663 1349 2726; baseline 0.004 -22"><span class='ocrx_word' id='word_1_90' title='bbox 43 2663 319 2714; x_wconf 74' lang='lat' dir='ltr'><strong>Pseudo-Pontificum</strong></span> <span class='ocrx_word' id='word_1_91' title='bbox 335 2672 397 2716; x_wconf 91' lang='lat' dir='ltr'><strong>acta</strong></span> <span class='ocrx_word' id='word_1_92' title='bbox 412 2671 540 2726; x_wconf 72' lang='lat' dir='ltr'><strong>rescissa3</strong></span> <span class='ocrx_word' id='word_1_93' title='bbox 555 2670 690 2716; x_wconf 73' lang='lat' dir='ltr'><strong>ernaldus</strong></span> <span class='ocrx_word' id='word_1_94' title='bbox 704 2670 850 2717; x_wconf 75' lang='lat' dir='ltr'><strong>brixiensis</strong></span> <span class='ocrx_word' id='word_1_95' title='bbox 864 2671 1024 2717; x_wconf 89' lang='lat' dir='ltr'><strong>damnatus:</strong></span> <span class='ocrx_word' id='word_1_96' title='bbox 1045 2667 1207 2725; x_wconf 84' lang='lat' dir='ltr'><strong>Disciplinae</strong></span> <span class='ocrx_word' id='word_1_97' title='bbox 1222 2663 1349 2713; x_wconf 82' lang='lat' dir='ltr'><strong>castitati</strong></span> 
     </span>
     <span class='ocr_line' id='line_1_18' title="bbox 85 2738 265 2794; baseline 0.022 -13"><span class='ocrx_word' id='word_1_98' title='bbox 85 2738 265 2794; x_wconf 87' lang='lat' dir='ltr'><strong>prospectum.</strong></span> 
     </span>
    </p>
   </div>
   <div class='ocr_carea' id='block_1_15' title="bbox 43 2868 1350 2988">
    <p class='ocr_par' dir='ltr' id='par_1_15' title="bbox 43 2868 1350 2988">
     <span class='ocr_line' id='line_1_19' title="bbox 43 2868 1350 2987; baseline 0.002 -74"><span class='ocrx_word' id='word_1_99' title='bbox 43 2871 180 2987; x_wconf 55' lang='lat' dir='ltr'><strong>chtillcis</strong></span> <span class='ocrx_word' id='word_1_100' title='bbox 204 2873 362 2931; x_wconf 80' lang='lat' dir='ltr'><strong>designandi</strong></span> <span class='ocrx_word' id='word_1_101' title='bbox 387 2875 460 2922; x_wconf 87' lang='lat' dir='ltr'><strong>ratic</strong></span> <span class='ocrx_word' id='word_1_102' title='bbox 483 2878 672 2934; x_wconf 83' lang='lat' dir='ltr'><strong>praescripta:</strong></span> <span class='ocrx_word' id='word_1_103' title='bbox 695 2877 840 2922; x_wconf 84' lang='lat' dir='ltr'><strong>Dissidium</strong></span> <span class='ocrx_word' id='word_1_104' title='bbox 860 2868 1036 2922; x_wconf 80' lang='lat' dir='ltr'><strong>ecclesiarum</strong></span> <span class='ocrx_word' id='word_1_105' title='bbox 1059 2874 1213 2920; x_wconf 89' lang='lat' dir='ltr'><strong>sublatum:</strong></span> <span class='ocrx_word' id='word_1_106' title='bbox 1237 2871 1350 2918; x_wconf 83' lang='lat' dir='ltr'><strong>cathari</strong></span> 
     </span>
     <span class='ocr_line' id='line_1_20' title="bbox 102 2943 216 2988; baseline 0.009 -1"><span class='ocrx_word' id='word_1_107' title='bbox 102 2943 216 2988; x_wconf 88' lang='lat' dir='ltr'><strong>amnati.</strong></span> 
     </span>
    </p>
   </div>
   <div class='ocr_carea' id='block_1_16' title="bbox 44 3110 1348 3172">
    <p class='ocr_par' dir='ltr' id='par_1_16' title="bbox 44 3110 1348 3172">
     <span class='ocr_line' id='line_1_21' title="bbox 44 3110 1348 3172; baseline 0.004 -20"><span class='ocrx_word' id='word_1_108' title='bbox 44 3110 205 3166; x_wconf 72' lang='lat' dir='ltr'><strong>amalricus,</strong></span> <span class='ocrx_word' id='word_1_109' title='bbox 218 3113 378 3168; x_wconf 86' lang='lat' dir='ltr'><strong>loacbimus,</strong></span> <span class='ocrx_word' id='word_1_110' title='bbox 386 3113 549 3171; x_wconf 71' lang='lat' dir='ltr'><strong>albigenses,</strong></span> <span class='ocrx_word' id='word_1_111' title='bbox 559 3115 701 3161; x_wconf 84' lang='lat' dir='ltr'><strong>valdenses</strong></span> <span class='ocrx_word' id='word_1_112' title='bbox 711 3116 843 3162; x_wconf 89' lang='lat' dir='ltr'><strong>damnati:</strong></span> <span class='ocrx_word' id='word_1_113' title='bbox 856 3117 966 3162; x_wconf 84' lang='lat' dir='ltr'><strong>Decreta</strong></span> <span class='ocrx_word' id='word_1_114' title='bbox 978 3115 1003 3160; x_wconf 90' lang='lat' dir='ltr'><strong>in</strong></span> <span class='ocrx_word' id='word_1_115' title='bbox 1015 3113 1199 3162; x_wconf 83' lang='lat' dir='ltr'><strong>Palaestinam</strong></span> <span class='ocrx_word' id='word_1_116' title='bbox 1208 3112 1348 3172; x_wconf 83' lang='lat' dir='ltr'><strong>expeditio.</strong></span> 
     </span>
    </p>
   </div>
   <div class='ocr_carea' id='block_1_17' title="bbox 43 3280 1392 3407">
    <p class='ocr_par' dir='ltr' id='par_1_17' title="bbox 43 3280 1392 3407">
     <span class='ocr_line' id='line_1_22' title="bbox 43 3280 1392 3340; baseline 0.001 -19"><span class='ocrx_word' id='word_1_117' title='bbox 43 3280 180 3326; x_wconf 83' lang='lat' dir='ltr'><strong>sententia</strong></span> <span class='ocrx_word' id='word_1_118' title='bbox 195 3281 221 3326; x_wconf 89' lang='lat' dir='ltr'><strong>in</strong></span> <span class='ocrx_word' id='word_1_119' title='bbox 238 3282 404 3338; x_wconf 79' lang='lat' dir='ltr'><strong>uniuericum</strong></span> <span class='ocrx_word' id='word_1_120' title='bbox 420 3287 565 3340; x_wconf 81' lang='lat' dir='ltr'><strong>augustum</strong></span> <span class='ocrx_word' id='word_1_121' title='bbox 582 3283 669 3329; x_wconf 90' lang='lat' dir='ltr'><strong>dicta:</strong></span> <span class='ocrx_word' id='word_1_122' title='bbox 685 3286 783 3330; x_wconf 74' lang='lat' dir='ltr'><strong>Forma</strong></span> <span class='ocrx_word' id='word_1_123' title='bbox 798 3282 905 3329; x_wconf 87' lang='lat' dir='ltr'><strong>iudiciis</strong></span> <span class='ocrx_word' id='word_1_124' title='bbox 919 3282 1067 3339; x_wconf 84' lang='lat' dir='ltr'><strong>ecclesiast.</strong></span> <span class='ocrx_word' id='word_1_125' title='bbox 1088 3281 1265 3339; x_wconf 86' lang='lat' dir='ltr'><strong>praestituta:</strong></span> <span class='ocrx_word' id='word_1_126' title='bbox 1281 3283 1346 3336; x_wconf 51' lang='lat' dir='ltr'><strong>sup*</strong></span> <span class='ocrx_word' id='word_1_127' title='bbox 1389 3331 1392 3336; x_wconf 68' lang='lat'><strong>,</strong></span> 
     </span>
     <span class='ocr_line' id='line_1_23' title="bbox 83 3352 626 3407; baseline 0.009 -13"><span class='ocrx_word' id='word_1_128' title='bbox 83 3352 173 3407; x_wconf 82' lang='lat' dir='ltr'><strong>petiae</strong></span> <span class='ocrx_word' id='word_1_129' title='bbox 187 3352 286 3398; x_wconf 84' lang='lat' dir='ltr'><strong>orienti</strong></span> <span class='ocrx_word' id='word_1_130' title='bbox 300 3354 451 3400; x_wconf 87' lang='lat' dir='ltr'><strong>christiano</strong></span> <span class='ocrx_word' id='word_1_131' title='bbox 466 3355 626 3400; x_wconf 88' lang='lat' dir='ltr'><strong>destinatae.</strong></span> 
     </span>
    </p>
   </div>
   <div class='ocr_carea' id='block_1_18' title="bbox 40 3519 1024 3581">
    <p class='ocr_par' dir='ltr' id='par_1_18' title="bbox 40 3519 1024 3581">
     <span class='ocr_line' id='line_1_24' title="bbox 40 3519 1024 3581; baseline 0.006 -18"><span class='ocrx_word' id='word_1_132' title='bbox 40 3519 165 3568; x_wconf 86' lang='lat' dir='ltr'><strong>subsidia</strong></span> <span class='ocrx_word' id='word_1_133' title='bbox 179 3522 350 3569; x_wconf 83' lang='lat' dir='ltr'><strong>Palaestinae</strong></span> <span class='ocrx_word' id='word_1_134' title='bbox 365 3523 519 3581; x_wconf 82' lang='lat' dir='ltr'><strong>assignata:</strong></span> <span class='ocrx_word' id='word_1_135' title='bbox 535 3525 630 3572; x_wconf 82' lang='lat' dir='ltr'><strong>Graeci</strong></span> <span class='ocrx_word' id='word_1_136' title='bbox 645 3524 671 3568; x_wconf 91' lang='lat' dir='ltr'><strong>iu</strong></span> <span class='ocrx_word' id='word_1_137' title='bbox 687 3524 898 3571; x_wconf 88' lang='lat' dir='ltr'><strong>communionem</strong></span> <span class='ocrx_word' id='word_1_138' title='bbox 914 3523 1024 3581; x_wconf 81' lang='lat' dir='ltr'><strong>recepti.</strong></span> 
     </span>
    </p>
   </div>
   <div class='ocr_carea' id='block_1_19' title="bbox 38 3690 1247 3766">
    <p class='ocr_par' dir='ltr' id='par_1_19' title="bbox 38 3690 1247 3766">
     <span class='ocr_line' id='line_1_25' title="bbox 38 3690 1247 3766; baseline 0.002 -14"><span class='ocrx_word' id='word_1_139' title='bbox 38 3708 109 3753; x_wconf 90' lang='lat' dir='ltr'><strong>Ordo</strong></span> <span class='ocrx_word' id='word_1_140' title='bbox 123 3709 338 3766; x_wconf 72' lang='lat' dir='ltr'><strong>&#39;templariorum</strong></span> <span class='ocrx_word' id='word_1_141' title='bbox 355 3709 489 3756; x_wconf 86' lang='lat' dir='ltr'><strong>abolitus:</strong></span> <span class='ocrx_word' id='word_1_142' title='bbox 504 3690 810 3756; x_wconf 50' lang='lat' dir='ltr'><strong>Dulciuiani‘damuati:</strong></span> <span class='ocrx_word' id='word_1_143' title='bbox 826 3712 964 3757; x_wconf 83' lang='lat' dir='ltr'><strong>Decretum</strong></span> <span class='ocrx_word' id='word_1_144' title='bbox 980 3711 1007 3756; x_wconf 92' lang='lat' dir='ltr'><strong>in</strong></span> <span class='ocrx_word' id='word_1_145' title='bbox 1022 3713 1123 3756; x_wconf 82' lang='lat' dir='ltr'><strong>‘l&#39;urcas</strong></span> <span class='ocrx_word' id='word_1_146' title='bbox 1137 3707 1247 3756; x_wconf 87' lang='lat' dir='ltr'><strong>bellum.</strong></span> 
     </span>
    </p>
   </div>
   <div class='ocr_carea' id='block_1_20' title="bbox 12 3887 1278 3971">
    <p class='ocr_par' dir='ltr' id='par_1_20' title="bbox 12 3887 1278 3971">
     <span class='ocr_line' id='line_1_26' title="bbox 12 3887 1278 3971; baseline 0.001 -12"><span class='ocrx_word' id='word_1_147' title='bbox 12 3887 13 3922; x_wconf 51' lang='lat'><em>³</em></span> <span class='ocrx_word' id='word_1_148' title='bbox 37 3917 94 3959; x_wconf 85' lang='lat' dir='ltr'><strong>Pax</strong></span> <span class='ocrx_word' id='word_1_149' title='bbox 109 3917 272 3960; x_wconf 75' lang='lat' dir='ltr'><strong>Graecorum</strong></span> <span class='ocrx_word' id='word_1_150' title='bbox 287 3925 349 3960; x_wconf 90' lang='lat' dir='ltr'><strong>cum</strong></span> <span class='ocrx_word' id='word_1_151' title='bbox 363 3915 467 3961; x_wconf 84' lang='lat' dir='ltr'><strong>Latinis</strong></span> <span class='ocrx_word' id='word_1_152' title='bbox 482 3915 632 3962; x_wconf 89' lang='lat' dir='ltr'><strong>restituta:</strong></span> <span class='ocrx_word' id='word_1_153' title='bbox 647 3914 755 3962; x_wconf 75' lang='lat' dir='ltr'><strong>armoni</strong></span> <span class='ocrx_word' id='word_1_154' title='bbox 770 3916 796 3959; x_wconf 91' lang='lat' dir='ltr'><strong>et</strong></span> <span class='ocrx_word' id='word_1_155' title='bbox 810 3913 948 3960; x_wconf 87' lang='lat' dir='ltr'><strong>lacobitae</strong></span> <span class='ocrx_word' id='word_1_156' title='bbox 964 3913 991 3957; x_wconf 90' lang='lat' dir='ltr'><strong>in</strong></span> <span class='ocrx_word' id='word_1_157' title='bbox 1006 3912 1152 3959; x_wconf 77' lang='lat' dir='ltr'><strong>Ecclesiam</strong></span> <span class='ocrx_word' id='word_1_158' title='bbox 1168 3914 1278 3971; x_wconf 86' lang='lat' dir='ltr'><strong>recepti.</strong></span> 
     </span>
    </p>
   </div>
   <div class='ocr_carea' id='block_1_21' title="bbox 35 4079 1343 4202">
    <p class='ocr_par' dir='ltr' id='par_1_21' title="bbox 35 4079 1343 4202">
     <span class='ocr_line' id='line_1_27' title="bbox 35 4079 1343 4142; baseline -0.002 -14"><span class='ocrx_word' id='word_1_159' title='bbox 35 4086 103 4130; x_wconf 82' lang='lat' dir='ltr'><strong>Acta</strong></span> <span class='ocrx_word' id='word_1_160' title='bbox 118 4087 265 4130; x_wconf 84' lang='lat' dir='ltr'><strong>conventus</strong></span> <span class='ocrx_word' id='word_1_161' title='bbox 279 4085 369 4142; x_wconf 83' lang='lat' dir='ltr'><strong>pisani</strong></span> <span class='ocrx_word' id='word_1_162' title='bbox 384 4097 433 4142; x_wconf 84' lang='lat' dir='ltr'><strong>pro</strong></span> <span class='ocrx_word' id='word_1_163' title='bbox 449 4085 554 4131; x_wconf 80' lang='lat' dir='ltr'><strong>intectis</strong></span> <span class='ocrx_word' id='word_1_164' title='bbox 568 4085 680 4131; x_wconf 88' lang='lat' dir='ltr'><strong>habita:</strong></span> <span class='ocrx_word' id='word_1_165' title='bbox 697 4083 849 4142; x_wconf 83' lang='lat' dir='ltr'><strong>Improbati</strong></span> <span class='ocrx_word' id='word_1_166' title='bbox 860 4091 978 4128; x_wconf 79' lang='lat' dir='ltr'><strong>errores</strong></span> <span class='ocrx_word' id='word_1_167' title='bbox 998 4080 1030 4126; x_wconf 89' lang='lat' dir='ltr'><strong>de</strong></span> <span class='ocrx_word' id='word_1_168' title='bbox 1045 4079 1154 4128; x_wconf 87' lang='lat' dir='ltr'><strong>anima:</strong></span> <span class='ocrx_word' id='word_1_169' title='bbox 1171 4083 1343 4128; x_wconf 72' lang='lat' dir='ltr'><strong>potestatum</strong></span> 
     </span>
     <span class='ocr_line' id='line_1_28' title="bbox 76 4155 412 4202; baseline 0.003 -2"><span class='ocrx_word' id='word_1_170' title='bbox 76 4155 235 4201; x_wconf 89' lang='lat' dir='ltr'><strong>concordiae</strong></span> <span class='ocrx_word' id='word_1_171' title='bbox 249 4157 412 4202; x_wconf 88' lang='lat' dir='ltr'><strong>consultum.</strong></span> 
     </span>
    </p>
   </div>
   <div class='ocr_carea' id='block_1_22' title="bbox 12 4265 1343 4432">
    <p class='ocr_par' dir='ltr' id='par_1_22' title="bbox 12 4265 1343 4432">
     <span class='ocr_line' id='line_1_29' title="bbox 12 4265 1343 4366; baseline -0.001 -54"><span class='ocrx_word' id='word_1_172' title='bbox 12 4265 13 4326; x_wconf 68' lang='lat' dir='ltr'>s</span> <span class='ocrx_word' id='word_1_173' title='bbox 35 4271 201 4314; x_wconf 80' lang='lat' dir='ltr'><strong>novatorum</strong></span> <span class='ocrx_word' id='word_1_174' title='bbox 216 4270 374 4332; x_wconf 82' lang='lat' dir='ltr'><strong>commentis</strong></span> <span class='ocrx_word' id='word_1_175' title='bbox 389 4271 479 4334; x_wconf 76' lang='lat' dir='ltr'><strong>prisca</strong></span> <span class='ocrx_word' id='word_1_176' title='bbox 495 4269 558 4334; x_wconf 80' lang='lat' dir='ltr'><strong>tides</strong></span> <span class='ocrx_word' id='word_1_177' title='bbox 573 4270 697 4366; x_wconf 54' lang='grc' dir='ltr'><strong>οἳροείζςι</strong></span> <span class='ocrx_word' id='word_1_178' title='bbox 712 4270 744 4314; x_wconf 91' lang='lat' dir='ltr'><strong>de</strong></span> <span class='ocrx_word' id='word_1_179' title='bbox 758 4267 958 4324; x_wconf 61' lang='lat' dir='ltr'><strong>scripturiens</strong></span> <span class='ocrx_word' id='word_1_180' title='bbox 972 4279 1043 4366; x_wconf 55' lang='lat' dir='ltr'><strong>Yecc.</strong></span> <span class='ocrx_word' id='word_1_181' title='bbox 1058 4265 1138 4322; x_wconf 66' lang='lat' dir='ltr'><strong>orig„</strong></span> <span class='ocrx_word' id='word_1_182' title='bbox 1154 4269 1185 4312; x_wconf 92' lang='lat' dir='ltr'><strong>de</strong></span> <span class='ocrx_word' id='word_1_183' title='bbox 1200 4267 1343 4332; x_wconf 41' lang='lat' dir='ltr'><strong>instil.,·de</strong></span> 
     </span>
     <span class='ocr_line' id='line_1_30' title="bbox 12 4322 1340 4419; baseline 0.001 -54"><span class='ocrx_word' id='word_1_184' title='bbox 12 4353 13 4356; x_wconf 18' lang='grc' dir='ltr'>η</span> <span class='ocrx_word' id='word_1_185' title='bbox 76 4324 267 4386; x_wconf 70' lang='lat' dir='ltr'><strong>sacramentis,</strong></span> <span class='ocrx_word' id='word_1_186' title='bbox 282 4324 513 4399; x_wconf 56' lang='lat' dir='ltr'><strong>descendemus</strong></span> <span class='ocrx_word' id='word_1_187' title='bbox 528 4324 593 4386; x_wconf 82' lang='lat' dir='ltr'><strong>ludu</strong></span> <span class='ocrx_word' id='word_1_188' title='bbox 605 4325 712 4385; x_wconf 79' lang='lat' dir='ltr'><strong>genius,</strong></span> <span class='ocrx_word' id='word_1_189' title='bbox 722 4322 754 4367; x_wconf 92' lang='lat' dir='ltr'><strong>de</strong></span> <span class='ocrx_word' id='word_1_190' title='bbox 767 4323 887 4419; x_wconf 47' lang='lat' dir='ltr'><strong>purffiat„</strong></span> <span class='ocrx_word' id='word_1_191' title='bbox 901 4322 973 4384; x_wconf 83' lang='lat' dir='ltr'><strong>decu</strong></span> <span class='ocrx_word' id='word_1_192' title='bbox 988 4325 1016 4366; x_wconf 92' lang='lat' dir='ltr'><strong>tu</strong></span> <span class='ocrx_word' id='word_1_193' title='bbox 1026 4323 1194 4386; x_wconf 72' lang='lat' dir='ltr'><strong>sauctorum,</strong></span> <span class='ocrx_word' id='word_1_194' title='bbox 1208 4322 1340 4377; x_wconf 78' lang='lat' dir='ltr'><strong>reliquia·</strong></span> 
     </span>
     <span class='ocr_line' id='line_1_31' title="bbox 77 4377 1081 4432; baseline 0.003 -14"><span class='ocrx_word' id='word_1_195' title='bbox 77 4386 146 4428; x_wconf 89' lang='lat' dir='ltr'><strong>rum,</strong></span> <span class='ocrx_word' id='word_1_196' title='bbox 162 4387 328 4432; x_wconf 76' lang='lat' dir='ltr'><strong>imaginum.</strong></span> <span class='ocrx_word' id='word_1_197' title='bbox 345 4379 429 4422; x_wconf 80' lang='lat' dir='ltr'><strong>balae</strong></span> <span class='ocrx_word' id='word_1_198' title='bbox 443 4377 515 4431; x_wconf 80' lang='lat' dir='ltr'><strong>leges</strong></span> <span class='ocrx_word' id='word_1_199' title='bbox 530 4377 689 4432; x_wconf 83' lang='lat' dir='ltr'><strong>disciplinae</strong></span> <span class='ocrx_word' id='word_1_200' title='bbox 705 4387 736 4421; x_wconf 85' lang='lat' dir='ltr'><strong>ac</strong></span> <span class='ocrx_word' id='word_1_201' title='bbox 752 4387 822 4420; x_wconf 83' lang='lat' dir='ltr'><strong>morl</strong></span> <span class='ocrx_word' id='word_1_202' title='bbox 844 4385 873 4417; x_wconf 90' lang='lat' dir='ltr'><strong>us</strong></span> <span class='ocrx_word' id='word_1_203' title='bbox 889 4377 1081 4430; x_wconf 71' lang='lat' dir='ltr'><strong>uiuormandts·¹</strong></span> 
     </span>
    </p>
   </div>
   <div class='ocr_carea' id='block_1_23' title="bbox 36 4487 1342 4617">
    <p class='ocr_par' dir='ltr' id='par_1_23' title="bbox 36 4487 1342 4617">
     <span class='ocr_line' id='line_1_32' title="bbox 36 4487 1342 4549; baseline 0 -16"><span class='ocrx_word' id='word_1_204' title='bbox 36 4489 163 4536; x_wconf 83' lang='lat' dir='ltr'><strong>Doctrina</strong></span> <span class='ocrx_word' id='word_1_205' title='bbox 178 4490 288 4537; x_wconf 85' lang='lat' dir='ltr'><strong>delinita</strong></span> <span class='ocrx_word' id='word_1_206' title='bbox 303 4492 334 4536; x_wconf 91' lang='lat' dir='ltr'><strong>de</strong></span> <span class='ocrx_word' id='word_1_207' title='bbox 349 4491 440 4536; x_wconf 89' lang='lat' dir='ltr'><strong>mundi</strong></span> <span class='ocrx_word' id='word_1_208' title='bbox 455 4491 600 4546; x_wconf 86' lang='lat' dir='ltr'><strong>creatione,</strong></span> <span class='ocrx_word' id='word_1_209' title='bbox 615 4491 646 4536; x_wconf 90' lang='lat' dir='ltr'><strong>de</strong></span> <span class='ocrx_word' id='word_1_210' title='bbox 660 4490 710 4536; x_wconf 85' lang='lat' dir='ltr'><strong>lide</strong></span> <span class='ocrx_word' id='word_1_211' title='bbox 724 4493 750 4536; x_wconf 92' lang='lat' dir='ltr'><strong>et</strong></span> <span class='ocrx_word' id='word_1_212' title='bbox 772 4491 890 4546; x_wconf 88' lang='lat' dir='ltr'><strong>ratione,</strong></span> <span class='ocrx_word' id='word_1_213' title='bbox 904 4492 935 4538; x_wconf 82' lang='lat' dir='ltr'><strong>tle</strong></span> <span class='ocrx_word' id='word_1_214' title='bbox 950 4491 1073 4549; x_wconf 88' lang='lat' dir='ltr'><strong>primatu</strong></span> <span class='ocrx_word' id='word_1_215' title='bbox 1096 4496 1177 4546; x_wconf 81' lang='lat' dir='ltr'><strong>atque</strong></span> <span class='ocrx_word' id='word_1_216' title='bbox 1199 4487 1342 4537; x_wconf 82' lang='lat' dir='ltr'><strong>infallibili</strong></span> 
     </span>
     <span class='ocr_line' id='line_1_33' title="bbox 76 4560 523 4617; baseline 0.004 -13"><span class='ocrx_word' id='word_1_217' title='bbox 76 4561 235 4617; x_wconf 78' lang='lat' dir='ltr'><strong>magisterio</strong></span> <span class='ocrx_word' id='word_1_218' title='bbox 250 4561 365 4608; x_wconf 80' lang='lat' dir='ltr'><strong>Romani</strong></span> <span class='ocrx_word' id='word_1_219' title='bbox 380 4560 523 4607; x_wconf 79' lang='lat' dir='ltr'><strong>Pontificis.</strong></span> 
     </span>
    </p>
   </div>
   <div class='ocr_carea' id='block_1_24' title="bbox 0 0 1726 5362">
    <p class='ocr_par' dir='ltr' id='par_1_24' title="bbox 0 0 1726 5362">
     <span class='ocr_line' id='line_1_34' title="bbox 0 0 1726 5362; baseline 0 4"><span class='ocrx_word' id='word_1_220' title='bbox 0 0 1726 5362; x_wconf 95' lang='lat' dir='ltr'><strong> </strong></span> 
     </span>
    </p>
   </div>
  </div>
 </body>
</html>
