<?xml version="1.0" encoding="UTF-8"?>
<!DOCTYPE html PUBLIC "-//W3C//DTD XHTML 1.0 Transitional//EN"
    "http://www.w3.org/TR/xhtml1/DTD/xhtml1-transitional.dtd">
<html xmlns="http://www.w3.org/1999/xhtml" xml:lang="en" lang="en">
 <head>
  <title>
</title>
<meta http-equiv="Content-Type" content="text/html;charset=utf-8" />
  <meta name='ocr-system' content='tesseract 3.04.00' />
  <meta name='ocr-capabilities' content='ocr_page ocr_carea ocr_par ocr_line ocrx_word'/>
</head>
<body>
  <div class='ocr_page' id='page_1' title='image "./enchiridionadsa00natgoog_0057.png"; bbox 0 0 3466 5362; ppageno 0'>
   <div class='ocr_carea' id='block_1_1' title="bbox 391 439 1705 2596">
    <p class='ocr_par' dir='ltr' id='par_1_1' title="bbox 391 439 1705 2596">
     <span class='ocr_line' id='line_1_1' title="bbox 407 439 1705 524; baseline 0.004 -25"><span class='ocrx_word' id='word_1_1' title='bbox 407 439 550 502; x_wconf 76' lang='lat' dir='ltr'><strong><em>doctmna</em></strong></span> <span class='ocrx_word' id='word_1_2' title='bbox 571 441 751 502; x_wconf 78' lang='lat' dir='ltr'><strong><em>Christiana</em></strong></span> <span class='ocrx_word' id='word_1_3' title='bbox 770 474 790 490; x_wconf 95' lang='lat'><em>-</em></span> <span class='ocrx_word' id='word_1_4' title='bbox 810 443 846 505; x_wconf 87' lang='lat' dir='ltr'><strong><em>L.</em></strong></span> <span class='ocrx_word' id='word_1_5' title='bbox 870 443 1069 522; x_wconf 79' lang='lat' dir='ltr'><strong><em>imperfectus</em></strong></span> <span class='ocrx_word' id='word_1_6' title='bbox 1089 445 1126 510; x_wconf 88' lang='lat' dir='ltr'><strong><em>de</em></strong></span> <span class='ocrx_word' id='word_1_7' title='bbox 1147 445 1322 524; x_wconf 77' lang='lat' dir='ltr'><strong><em>Genesiad</em></strong></span> <span class='ocrx_word' id='word_1_8' title='bbox 1340 446 1495 519; x_wconf 82' lang='lat' dir='ltr'><strong><em>literam,</em></strong></span> <span class='ocrx_word' id='word_1_9' title='bbox 1512 453 1544 504; x_wconf 92' lang='lat' dir='ltr'><strong><em>et</em></strong></span> <span class='ocrx_word' id='word_1_10' title='bbox 1556 445 1642 506; x_wconf 89' lang='lat' dir='ltr'><strong><em>Libri</em></strong></span> <span class='ocrx_word' id='word_1_11' title='bbox 1704 473 1705 476; x_wconf 36' lang='lat'>¹</span> 
     </span>
     <span class='ocr_line' id='line_1_2' title="bbox 404 539 1642 610; baseline 0.003 -12"><span class='ocrx_word' id='word_1_12' title='bbox 404 540 458 598; x_wconf 79' lang='lat'><strong><em>12.</em></strong></span> <span class='ocrx_word' id='word_1_13' title='bbox 482 539 519 600; x_wconf 91' lang='lat' dir='ltr'><strong><em>de</em></strong></span> <span class='ocrx_word' id='word_1_14' title='bbox 541 539 650 601; x_wconf 79' lang='lat' dir='ltr'><strong><em>Genesi</em></strong></span> <span class='ocrx_word' id='word_1_15' title='bbox 669 541 712 602; x_wconf 89' lang='lat' dir='ltr'><strong><em>ad</em></strong></span> <span class='ocrx_word' id='word_1_16' title='bbox 731 541 871 602; x_wconf 90' lang='lat' dir='ltr'><strong><em>Literam</em></strong></span> <span class='ocrx_word' id='word_1_17' title='bbox 891 575 912 590; x_wconf 88' lang='lat'>-</span> <span class='ocrx_word' id='word_1_18' title='bbox 930 545 1134 604; x_wconf 90' lang='lat' dir='ltr'><strong><em>Locutionum</em></strong></span> <span class='ocrx_word' id='word_1_19' title='bbox 1154 545 1242 605; x_wconf 81' lang='lat' dir='ltr'><em>Libri</em></span> <span class='ocrx_word' id='word_1_20' title='bbox 1260 546 1292 604; x_wconf 89' lang='grc'><strong><em>7.</em></strong></span> <span class='ocrx_word' id='word_1_21' title='bbox 1310 577 1330 592; x_wconf 90' lang='grc'>-</span> <span class='ocrx_word' id='word_1_22' title='bbox 1346 545 1590 610; x_wconf 69' lang='lat' dir='ltr'><strong><em>Quaestionum</em></strong></span> <span class='ocrx_word' id='word_1_23' title='bbox 1610 546 1642 603; x_wconf 93' lang='lat' dir='ltr'><strong><em>in</em></strong></span> 
     </span>
     <span class='ocr_line' id='line_1_3' title="bbox 396 635 1705 720; baseline 0.004 -23"><span class='ocrx_word' id='word_1_24' title='bbox 396 635 647 716; x_wconf 74' lang='lat' dir='ltr'><strong><em>Heptateuchum</em></strong></span> <span class='ocrx_word' id='word_1_25' title='bbox 665 640 734 720; x_wconf 86' lang='lat' dir='ltr'><strong><em>(sen</em></strong></span> <span class='ocrx_word' id='word_1_26' title='bbox 756 640 788 700; x_wconf 88' lang='lat' dir='ltr'><strong><em>in</em></strong></span> <span class='ocrx_word' id='word_1_27' title='bbox 808 640 906 702; x_wconf 90' lang='lat' dir='ltr'><strong><em>libros</em></strong></span> <span class='ocrx_word' id='word_1_28' title='bbox 928 643 1063 720; x_wconf 90' lang='lat' dir='ltr'><strong><em>quinque</em></strong></span> <span class='ocrx_word' id='word_1_29' title='bbox 1085 644 1208 717; x_wconf 80' lang='lat' dir='ltr'><strong><em>iliosis,</em></strong></span> <span class='ocrx_word' id='word_1_30' title='bbox 1230 643 1328 704; x_wconf 88' lang='lat' dir='ltr'><strong><em>libros</em></strong></span> <span class='ocrx_word' id='word_1_31' title='bbox 1357 646 1461 704; x_wconf 81' lang='lat' dir='ltr'><strong><em>Iosue</em></strong></span> <span class='ocrx_word' id='word_1_32' title='bbox 1498 648 1535 705; x_wconf 86' lang='lat' dir='ltr'><strong><em>et</em></strong></span> <span class='ocrx_word' id='word_1_33' title='bbox 1560 643 1643 704; x_wconf 91' lang='lat' dir='ltr'><strong><em>ludi·</em></strong></span> <span class='ocrx_word' id='word_1_34' title='bbox 1704 645 1705 682; x_wconf 49' lang='grc' dir='ltr'><em>ἒ</em></span> 
     </span>
     <span class='ocr_line' id='line_1_4' title="bbox 397 736 1643 816; baseline 0.001 -20"><span class='ocrx_word' id='word_1_35' title='bbox 397 736 484 816; x_wconf 88' lang='lat' dir='ltr'><strong><em>cum)</em></strong></span> <span class='ocrx_word' id='word_1_36' title='bbox 503 738 592 798; x_wconf 80' lang='lat' dir='ltr'><strong><em>Libri</em></strong></span> <span class='ocrx_word' id='word_1_37' title='bbox 610 739 640 798; x_wconf 86' lang='lat'><strong><em>7.</em></strong></span> <span class='ocrx_word' id='word_1_38' title='bbox 668 771 689 786; x_wconf 95' lang='lat'>-</span> <span class='ocrx_word' id='word_1_39' title='bbox 714 737 940 802; x_wconf 86' lang='lat' dir='ltr'><strong><em>Annotationes</em></strong></span> <span class='ocrx_word' id='word_1_40' title='bbox 959 743 993 800; x_wconf 94' lang='lat' dir='ltr'><strong><em>in</em></strong></span> <span class='ocrx_word' id='word_1_41' title='bbox 1015 742 1063 800; x_wconf 90' lang='lat' dir='ltr'><strong><em>Iob</em></strong></span> <span class='ocrx_word' id='word_1_42' title='bbox 1084 743 1176 802; x_wconf 89' lang='lat' dir='ltr'><strong><em>Liber</em></strong></span> <span class='ocrx_word' id='word_1_43' title='bbox 1196 761 1276 801; x_wconf 89' lang='lat' dir='ltr'><strong><em>unus</em></strong></span> <span class='ocrx_word' id='word_1_44' title='bbox 1295 775 1316 790; x_wconf 87' lang='lat'>-</span> <span class='ocrx_word' id='word_1_45' title='bbox 1335 743 1593 805; x_wconf 82' lang='lat' dir='ltr'><strong><em>Enarrationes</em></strong></span> <span class='ocrx_word' id='word_1_46' title='bbox 1611 743 1643 798; x_wconf 91' lang='lat' dir='ltr'><strong><em>in</em></strong></span> 
     </span>
     <span class='ocr_line' id='line_1_5' title="bbox 397 836 1644 914; baseline 0.002 -19"><span class='ocrx_word' id='word_1_47' title='bbox 397 836 538 898; x_wconf 85' lang='lat' dir='ltr'><strong><em>Psalmos</em></strong></span> <span class='ocrx_word' id='word_1_48' title='bbox 562 837 638 896; x_wconf 88' lang='lat'><em>150.</em></span> <span class='ocrx_word' id='word_1_49' title='bbox 660 869 676 884; x_wconf 88' lang='lat'>-</span> <span class='ocrx_word' id='word_1_50' title='bbox 698 838 741 896; x_wconf 88' lang='lat' dir='ltr'><strong><em>De</em></strong></span> <span class='ocrx_word' id='word_1_51' title='bbox 760 854 905 898; x_wconf 90' lang='lat' dir='ltr'><strong><em>consensu</em></strong></span> <span class='ocrx_word' id='word_1_52' title='bbox 925 839 1201 914; x_wconf 74' lang='lat' dir='ltr'><strong><em>Euangelistarum</em></strong></span> <span class='ocrx_word' id='word_1_53' title='bbox 1216 841 1304 899; x_wconf 91' lang='lat' dir='ltr'><strong><em>Libri</em></strong></span> <span class='ocrx_word' id='word_1_54' title='bbox 1317 839 1349 900; x_wconf 85' lang='lat'><strong><em>4.</em></strong></span> <span class='ocrx_word' id='word_1_55' title='bbox 1366 873 1382 887; x_wconf 92' lang='lat'>-</span> <span class='ocrx_word' id='word_1_56' title='bbox 1404 841 1644 906; x_wconf 86' lang='lat' dir='ltr'><strong><em>Quaestionum</em></strong></span> 
     </span>
     <span class='ocr_line' id='line_1_6' title="bbox 400 937 1640 1010; baseline 0.001 -16"><span class='ocrx_word' id='word_1_57' title='bbox 400 937 645 1010; x_wconf 76' lang='lat' dir='ltr'><strong><em>Evangeliorum</em></strong></span> <span class='ocrx_word' id='word_1_58' title='bbox 664 937 754 996; x_wconf 81' lang='lat' dir='ltr'><em>Libri</em></span> <span class='ocrx_word' id='word_1_59' title='bbox 783 939 816 998; x_wconf 81' lang='lat'><strong><em>2.</em></strong></span> <span class='ocrx_word' id='word_1_60' title='bbox 840 971 857 984; x_wconf 91' lang='lat'>-</span> <span class='ocrx_word' id='word_1_61' title='bbox 877 939 921 996; x_wconf 90' lang='lat' dir='ltr'><strong><em>De</em></strong></span> <span class='ocrx_word' id='word_1_62' title='bbox 948 938 1096 998; x_wconf 79' lang='lat' dir='ltr'><strong><em>Sermone</em></strong></span> <span class='ocrx_word' id='word_1_63' title='bbox 1116 940 1240 998; x_wconf 89' lang='lat' dir='ltr'><strong><em>Domini</em></strong></span> <span class='ocrx_word' id='word_1_64' title='bbox 1258 940 1292 998; x_wconf 89' lang='lat' dir='ltr'><strong><em>in</em></strong></span> <span class='ocrx_word' id='word_1_65' title='bbox 1321 946 1434 1000; x_wconf 89' lang='lat' dir='ltr'><strong><em>monte</em></strong></span> <span class='ocrx_word' id='word_1_66' title='bbox 1460 937 1640 1000; x_wconf 77' lang='lat' dir='ltr'><strong><em>secundnm</em></strong></span> 
     </span>
     <span class='ocr_line' id='line_1_7' title="bbox 396 1034 1642 1116; baseline 0.002 -24"><span class='ocrx_word' id='word_1_67' title='bbox 396 1034 592 1096; x_wconf 84' lang='lat' dir='ltr'><strong><em>Matthaeum</em></strong></span> <span class='ocrx_word' id='word_1_68' title='bbox 618 1035 706 1094; x_wconf 80' lang='lat' dir='ltr'><em>Libri</em></span> <span class='ocrx_word' id='word_1_69' title='bbox 734 1037 768 1096; x_wconf 83' lang='lat'><strong><em>2.</em></strong></span> <span class='ocrx_word' id='word_1_70' title='bbox 800 1067 817 1084; x_wconf 86' lang='lat'>-</span> <span class='ocrx_word' id='word_1_71' title='bbox 844 1037 1006 1096; x_wconf 82' lang='lat' dir='ltr'><strong><em>Tractatus</em></strong></span> <span class='ocrx_word' id='word_1_72' title='bbox 1033 1036 1115 1116; x_wconf 75' lang='grc' dir='ltr'><strong><em>ι124.</em></strong></span> <span class='ocrx_word' id='word_1_73' title='bbox 1147 1039 1181 1096; x_wconf 93' lang='lat' dir='ltr'><strong><em>in</em></strong></span> <span class='ocrx_word' id='word_1_74' title='bbox 1213 1038 1338 1096; x_wconf 88' lang='lat' dir='ltr'><strong><em>Ioannis</em></strong></span> <span class='ocrx_word' id='word_1_75' title='bbox 1363 1037 1601 1113; x_wconf 72' lang='lat' dir='ltr'><strong><em>Evanyeiium</em></strong></span> <span class='ocrx_word' id='word_1_76' title='bbox 1626 1069 1642 1080; x_wconf 98' lang='lat'><em>-</em></span> 
     </span>
     <span class='ocr_line' id='line_1_8' title="bbox 401 1130 1644 1214; baseline 0.001 -24"><span class='ocrx_word' id='word_1_77' title='bbox 401 1130 564 1192; x_wconf 72' lang='lat' dir='ltr'><strong><em>Trebianis</em></strong></span> <span class='ocrx_word' id='word_1_78' title='bbox 586 1135 641 1193; x_wconf 88' lang='grc'><strong><em>10.</em></strong></span> <span class='ocrx_word' id='word_1_79' title='bbox 661 1135 695 1192; x_wconf 92' lang='lat' dir='ltr'><strong><em>in</em></strong></span> <span class='ocrx_word' id='word_1_80' title='bbox 716 1133 889 1211; x_wconf 81' lang='lat' dir='ltr'><strong><em>Epistulam</em></strong></span> <span class='ocrx_word' id='word_1_81' title='bbox 904 1135 929 1194; x_wconf 90' lang='lat' dir='ltr'><strong><em>l.</em></strong></span> <span class='ocrx_word' id='word_1_82' title='bbox 952 1135 1077 1196; x_wconf 88' lang='lat' dir='ltr'><strong><em>Ioannis</em></strong></span> <span class='ocrx_word' id='word_1_83' title='bbox 1096 1167 1114 1180; x_wconf 94' lang='lat'><strong><em>··</em></strong></span> <span class='ocrx_word' id='word_1_84' title='bbox 1135 1136 1298 1212; x_wconf 82' lang='lat' dir='ltr'><strong><em>Eapositio</em></strong></span> <span class='ocrx_word' id='word_1_85' title='bbox 1320 1135 1556 1212; x_wconf 81' lang='lat' dir='ltr'><strong><em>quarumdam</em></strong></span> <span class='ocrx_word' id='word_1_86' title='bbox 1572 1132 1644 1214; x_wconf 76' lang='grc'>(84)</span> 
     </span>
     <span class='ocr_line' id='line_1_9' title="bbox 396 1229 1642 1311; baseline 0.005 -25"><span class='ocrx_word' id='word_1_87' title='bbox 396 1229 647 1306; x_wconf 85' lang='lat' dir='ltr'><strong><em>Propositionnm</em></strong></span> <span class='ocrx_word' id='word_1_88' title='bbox 668 1249 707 1290; x_wconf 84' lang='lat' dir='ltr'><strong><em>erc</em></strong></span> <span class='ocrx_word' id='word_1_89' title='bbox 728 1233 853 1310; x_wconf 80' lang='lat' dir='ltr'><strong><em>epistola</em></strong></span> <span class='ocrx_word' id='word_1_90' title='bbox 874 1231 916 1292; x_wconf 90' lang='lat' dir='ltr'><strong><em>ad</em></strong></span> <span class='ocrx_word' id='word_1_91' title='bbox 936 1234 1092 1293; x_wconf 83' lang='lat' dir='ltr'><strong><em>Romanos</em></strong></span> <span class='ocrx_word' id='word_1_92' title='bbox 1111 1266 1128 1280; x_wconf 91' lang='lat'>-</span> <span class='ocrx_word' id='word_1_93' title='bbox 1149 1234 1307 1311; x_wconf 82' lang='lat' dir='ltr'><strong><em>Epistulae</em></strong></span> <span class='ocrx_word' id='word_1_94' title='bbox 1327 1233 1561 1296; x_wconf 85' lang='lat' dir='ltr'><strong><em>adllomanos</em></strong></span> <span class='ocrx_word' id='word_1_95' title='bbox 1575 1233 1642 1293; x_wconf 85' lang='lat' dir='ltr'><strong><em>Ea·</em></strong></span> 
     </span>
     <span class='ocr_line' id='line_1_10' title="bbox 391 1329 1642 1411; baseline 0.002 -23"><span class='ocrx_word' id='word_1_96' title='bbox 391 1330 503 1406; x_wconf 78' lang='lat' dir='ltr'><strong><em>positio</em></strong></span> <span class='ocrx_word' id='word_1_97' title='bbox 523 1331 648 1392; x_wconf 88' lang='lat' dir='ltr'><strong><em>incocta</em></strong></span> <span class='ocrx_word' id='word_1_98' title='bbox 668 1363 685 1376; x_wconf 93' lang='lat'>-</span> <span class='ocrx_word' id='word_1_99' title='bbox 707 1329 869 1408; x_wconf 80' lang='lat' dir='ltr'><strong><em>Enpositio</em></strong></span> <span class='ocrx_word' id='word_1_100' title='bbox 899 1331 1058 1409; x_wconf 79' lang='lat' dir='ltr'><strong><em>Epistulae</em></strong></span> <span class='ocrx_word' id='word_1_101' title='bbox 1087 1332 1130 1392; x_wconf 89' lang='lat' dir='ltr'><strong><em>ad</em></strong></span> <span class='ocrx_word' id='word_1_102' title='bbox 1154 1333 1293 1393; x_wconf 81' lang='lat' dir='ltr'><strong><em>Galatas.</em></strong></span> <span class='ocrx_word' id='word_1_103' title='bbox 1328 1333 1476 1411; x_wconf 78' lang='lat' dir='ltr'><strong><em>Scriptis</em></strong></span> <span class='ocrx_word' id='word_1_104' title='bbox 1511 1334 1642 1410; x_wconf 88' lang='lat' dir='ltr'><strong><em>dogma·</em></strong></span> 
     </span>
     <span class='ocr_line' id='line_1_11' title="bbox 397 1427 1639 1510; baseline 0.002 -24"><span class='ocrx_word' id='word_1_105' title='bbox 397 1427 473 1486; x_wconf 91' lang='lat' dir='ltr'><strong><em>ticis</em></strong></span> <span class='ocrx_word' id='word_1_106' title='bbox 507 1447 544 1490; x_wconf 84' lang='lat' dir='ltr'><strong><em>ac</em></strong></span> <span class='ocrx_word' id='word_1_107' title='bbox 579 1429 752 1507; x_wconf 68' lang='lat' dir='ltr'><strong><em>exegeticis</em></strong></span> <span class='ocrx_word' id='word_1_108' title='bbox 782 1431 812 1490; x_wconf 88' lang='lat' dir='ltr'><strong><em>S.</em></strong></span> <span class='ocrx_word' id='word_1_109' title='bbox 842 1430 1015 1507; x_wconf 74' lang='lat' dir='ltr'><strong><em>Augustini</em></strong></span> <span class='ocrx_word' id='word_1_110' title='bbox 1047 1431 1148 1490; x_wconf 88' lang='lat' dir='ltr'><strong><em>veluti</em></strong></span> <span class='ocrx_word' id='word_1_111' title='bbox 1176 1432 1340 1510; x_wconf 82' lang='lat' dir='ltr'><strong><em>appendix·</em></strong></span> <span class='ocrx_word' id='word_1_112' title='bbox 1360 1433 1434 1492; x_wconf 89' lang='lat' dir='ltr'><strong><em>addi</em></strong></span> <span class='ocrx_word' id='word_1_113' title='bbox 1471 1431 1599 1492; x_wconf 89' lang='lat' dir='ltr'><strong><em>debent</em></strong></span> <span class='ocrx_word' id='word_1_114' title='bbox 1624 1461 1639 1474; x_wconf 94' lang='lat'>-</span> 
     </span>
     <span class='ocr_line' id='line_1_12' title="bbox 396 1503 1705 1608; baseline 0.002 -24"><span class='ocrx_word' id='word_1_115' title='bbox 396 1526 484 1586; x_wconf 88' lang='lat' dir='ltr'><em>Libri</em></span> <span class='ocrx_word' id='word_1_116' title='bbox 503 1525 696 1588; x_wconf 84' lang='lat' dir='ltr'><strong><em>diversarum</em></strong></span> <span class='ocrx_word' id='word_1_117' title='bbox 716 1529 941 1605; x_wconf 86' lang='lat' dir='ltr'><strong><em>quaestionum,</em></strong></span> <span class='ocrx_word' id='word_1_118' title='bbox 963 1527 1018 1605; x_wconf 88' lang='lat' dir='ltr'><strong><em>qui</em></strong></span> <span class='ocrx_word' id='word_1_119' title='bbox 1039 1529 1163 1590; x_wconf 90' lang='lat' dir='ltr'><strong><em>scilicet</em></strong></span> <span class='ocrx_word' id='word_1_120' title='bbox 1183 1547 1333 1608; x_wconf 86' lang='lat' dir='ltr'><strong><em>responsa</em></strong></span> <span class='ocrx_word' id='word_1_121' title='bbox 1362 1531 1640 1608; x_wconf 87' lang='lat' dir='ltr'><strong><em>complectuntur</em></strong></span> <span class='ocrx_word' id='word_1_122' title='bbox 1704 1503 1705 1580; x_wconf 65' lang='lat' dir='ltr'><strong><em>i</em></strong></span> 
     </span>
     <span class='ocr_line' id='line_1_13' title="bbox 396 1625 1640 1704; baseline 0.002 -22"><span class='ocrx_word' id='word_1_123' title='bbox 396 1625 435 1683; x_wconf 90' lang='lat' dir='ltr'><strong><em>ad</em></strong></span> <span class='ocrx_word' id='word_1_124' title='bbox 456 1626 563 1688; x_wconf 88' lang='lat' dir='ltr'><strong><em>varias</em></strong></span> <span class='ocrx_word' id='word_1_125' title='bbox 584 1627 793 1702; x_wconf 80' lang='lat' dir='ltr'><strong><em>quaestiones.</em></strong></span> <span class='ocrx_word' id='word_1_126' title='bbox 826 1629 896 1688; x_wconf 90' lang='lat' dir='ltr'><strong><em>Huc</em></strong></span> <span class='ocrx_word' id='word_1_127' title='bbox 926 1626 1086 1704; x_wconf 73' lang='lat' dir='ltr'><strong><em>pertinent</em></strong></span> <span class='ocrx_word' id='word_1_128' title='bbox 1114 1629 1151 1688; x_wconf 90' lang='lat' dir='ltr'><strong><em>L.</em></strong></span> <span class='ocrx_word' id='word_1_129' title='bbox 1179 1627 1216 1688; x_wconf 91' lang='lat' dir='ltr'><strong><em>de</em></strong></span> <span class='ocrx_word' id='word_1_130' title='bbox 1242 1627 1367 1688; x_wconf 75' lang='lat' dir='ltr'><strong><em>diensis</em></strong></span> <span class='ocrx_word' id='word_1_131' title='bbox 1393 1626 1640 1704; x_wconf 77' lang='lat' dir='ltr'><strong><em>quaestionibus</em></strong></span> 
     </span>
     <span class='ocr_line' id='line_1_14' title="bbox 396 1724 1637 1805; baseline 0 -24"><span class='ocrx_word' id='word_1_132' title='bbox 396 1725 553 1800; x_wconf 70' lang='lat' dir='ltr'><strong><em>octoginta</em></strong></span> <span class='ocrx_word' id='word_1_133' title='bbox 567 1725 664 1786; x_wconf 77' lang='lat' dir='ltr'><strong><em>triens</em></strong></span> <span class='ocrx_word' id='word_1_134' title='bbox 683 1725 808 1784; x_wconf 90' lang='lat' dir='ltr'><strong><em>-Libri</em></strong></span> <span class='ocrx_word' id='word_1_135' title='bbox 827 1727 860 1784; x_wconf 85' lang='lat'><strong><em>2.</em></strong></span> <span class='ocrx_word' id='word_1_136' title='bbox 883 1724 920 1784; x_wconf 85' lang='lat' dir='ltr'><strong><em>cle</em></strong></span> <span class='ocrx_word' id='word_1_137' title='bbox 940 1725 1066 1786; x_wconf 84' lang='lat' dir='ltr'><strong><em>diuersis</em></strong></span> <span class='ocrx_word' id='word_1_138' title='bbox 1079 1727 1303 1802; x_wconf 84' lang='lat' dir='ltr'><strong><em>quaestionibus</em></strong></span> <span class='ocrx_word' id='word_1_139' title='bbox 1315 1726 1358 1788; x_wconf 88' lang='lat' dir='ltr'><strong><em>ad</em></strong></span> <span class='ocrx_word' id='word_1_140' title='bbox 1378 1726 1637 1805; x_wconf 74' lang='lat' dir='ltr'><strong><em>simplicianum</em></strong></span> 
     </span>
     <span class='ocr_line' id='line_1_15' title="bbox 397 1822 1705 1901; baseline -0.002 -19"><span class='ocrx_word' id='word_1_141' title='bbox 397 1853 414 1868; x_wconf 89' lang='lat'><em>-</em></span> <span class='ocrx_word' id='word_1_142' title='bbox 436 1823 472 1884; x_wconf 87' lang='lat' dir='ltr'><strong><em>L.</em></strong></span> <span class='ocrx_word' id='word_1_143' title='bbox 494 1822 531 1884; x_wconf 90' lang='lat' dir='ltr'><strong><em>de</em></strong></span> <span class='ocrx_word' id='word_1_144' title='bbox 551 1830 615 1884; x_wconf 90' lang='lat' dir='ltr'><strong><em>octo</em></strong></span> <span class='ocrx_word' id='word_1_145' title='bbox 636 1824 765 1886; x_wconf 87' lang='lat' dir='ltr'><strong><em>Dulcitii</em></strong></span> <span class='ocrx_word' id='word_1_146' title='bbox 785 1824 1018 1900; x_wconf 71' lang='lat' dir='ltr'><strong><em>calcationibus.</em></strong></span> <span class='ocrx_word' id='word_1_147' title='bbox 1035 1856 1052 1871; x_wconf 93' lang='lat'>-</span> <span class='ocrx_word' id='word_1_148' title='bbox 1066 1825 1170 1886; x_wconf 74' lang='lat' dir='ltr'><strong><em>Oreus</em></strong></span> <span class='ocrx_word' id='word_1_149' title='bbox 1189 1825 1337 1894; x_wconf 74' lang='lat' dir='ltr'><strong><em>Manlum</em></strong></span> <span class='ocrx_word' id='word_1_150' title='bbox 1358 1827 1434 1886; x_wconf 88' lang='lat' dir='ltr'><strong><em>sunt</em></strong></span> <span class='ocrx_word' id='word_1_151' title='bbox 1455 1823 1636 1901; x_wconf 76' lang='lat' dir='ltr'><strong><em>Speculum</em></strong></span> <span class='ocrx_word' id='word_1_152' title='bbox 1704 1827 1705 1858; x_wconf 62' lang='lat'>¹</span> 
     </span>
     <span class='ocr_line' id='line_1_16' title="bbox 395 1911 1635 2002; baseline -0.002 -20"><span class='ocrx_word' id='word_1_153' title='bbox 395 1920 464 2002; x_wconf 85' lang='lat' dir='ltr'><strong><em>(seu</em></strong></span> <span class='ocrx_word' id='word_1_154' title='bbox 496 1923 641 1984; x_wconf 86' lang='lat' dir='ltr'><strong><em>collectio</em></strong></span> <span class='ocrx_word' id='word_1_155' title='bbox 669 1911 906 2001; x_wconf 85' lang='lat' dir='ltr'><strong><em>praeceptorum</em></strong></span> <span class='ocrx_word' id='word_1_156' title='bbox 944 1923 1110 1984; x_wconf 87' lang='lat' dir='ltr'><strong><em>moralium</em></strong></span> <span class='ocrx_word' id='word_1_157' title='bbox 1140 1941 1179 1982; x_wconf 85' lang='lat' dir='ltr'><strong><em>ex</em></strong></span> <span class='ocrx_word' id='word_1_158' title='bbox 1208 1923 1364 1984; x_wconf 84' lang='lat' dir='ltr'><strong><em>universa</em></strong></span> <span class='ocrx_word' id='word_1_159' title='bbox 1389 1922 1420 1984; x_wconf 81' lang='lat' dir='ltr'><strong><em>S.</em></strong></span> <span class='ocrx_word' id='word_1_160' title='bbox 1451 1923 1635 1999; x_wconf 85' lang='lat' dir='ltr'><strong><em>Scriptura</em></strong></span> 
     </span>
     <span class='ocr_line' id='line_1_17' title="bbox 396 2017 1634 2102; baseline -0.004 -22"><span class='ocrx_word' id='word_1_161' title='bbox 396 2021 609 2102; x_wconf 85' lang='lat' dir='ltr'><strong><em>concinnata).</em></strong></span> <span class='ocrx_word' id='word_1_162' title='bbox 641 2053 661 2074; x_wconf 82' lang='lat'><em>-</em></span> <span class='ocrx_word' id='word_1_163' title='bbox 680 2024 717 2084; x_wconf 91' lang='lat' dir='ltr'><strong><em>L.</em></strong></span> <span class='ocrx_word' id='word_1_164' title='bbox 746 2021 784 2082; x_wconf 91' lang='lat' dir='ltr'><strong><em>de</em></strong></span> <span class='ocrx_word' id='word_1_165' title='bbox 812 2021 975 2082; x_wconf 83' lang='lat' dir='ltr'><strong><em>Mendacio</em></strong></span> <span class='ocrx_word' id='word_1_166' title='bbox 1005 2055 1023 2066; x_wconf 96' lang='lat'>-</span> <span class='ocrx_word' id='word_1_167' title='bbox 1052 2022 1089 2082; x_wconf 93' lang='lat' dir='ltr'><strong><em>L.</em></strong></span> <span class='ocrx_word' id='word_1_168' title='bbox 1121 2027 1230 2082; x_wconf 89' lang='lat' dir='ltr'><strong><em>contra</em></strong></span> <span class='ocrx_word' id='word_1_169' title='bbox 1256 2020 1456 2084; x_wconf 80' lang='lat' dir='ltr'><strong><em>Mendacium</em></strong></span> <span class='ocrx_word' id='word_1_170' title='bbox 1482 2053 1503 2070; x_wconf 88' lang='lat'>-</span> <span class='ocrx_word' id='word_1_171' title='bbox 1527 2021 1569 2080; x_wconf 88' lang='lat' dir='ltr'><strong><em>L.</em></strong></span> <span class='ocrx_word' id='word_1_172' title='bbox 1602 2017 1634 2076; x_wconf 89' lang='lat' dir='ltr'><strong><em>de</em></strong></span> 
     </span>
     <span class='ocr_line' id='line_1_18' title="bbox 396 2117 1632 2195; baseline -0.004 -17"><span class='ocrx_word' id='word_1_173' title='bbox 396 2120 558 2182; x_wconf 90' lang='lat' dir='ltr'><strong><em>Patientia</em></strong></span> <span class='ocrx_word' id='word_1_174' title='bbox 579 2154 596 2168; x_wconf 93' lang='lat'>-</span> <span class='ocrx_word' id='word_1_175' title='bbox 617 2123 654 2180; x_wconf 93' lang='lat' dir='ltr'><strong><em>L.</em></strong></span> <span class='ocrx_word' id='word_1_176' title='bbox 678 2120 715 2180; x_wconf 89' lang='lat' dir='ltr'><strong><em>de</em></strong></span> <span class='ocrx_word' id='word_1_177' title='bbox 737 2121 937 2180; x_wconf 79' lang='lat' dir='ltr'><strong><em>Continentia</em></strong></span> <span class='ocrx_word' id='word_1_178' title='bbox 957 2152 974 2168; x_wconf 90' lang='lat'><em>·</em></span> <span class='ocrx_word' id='word_1_179' title='bbox 995 2122 1032 2182; x_wconf 82' lang='lat' dir='ltr'><strong><em>L&#39;.</em></strong></span> <span class='ocrx_word' id='word_1_180' title='bbox 1056 2119 1093 2180; x_wconf 89' lang='lat' dir='ltr'><strong><em>de</em></strong></span> <span class='ocrx_word' id='word_1_181' title='bbox 1114 2121 1190 2180; x_wconf 89' lang='lat' dir='ltr'><strong><em>bono</em></strong></span> <span class='ocrx_word' id='word_1_182' title='bbox 1219 2119 1377 2195; x_wconf 71' lang='lat' dir='ltr'><strong><em>coniugali</em></strong></span> <span class='ocrx_word' id='word_1_183' title='bbox 1396 2151 1414 2164; x_wconf 88' lang='lat'><em>-</em></span> <span class='ocrx_word' id='word_1_184' title='bbox 1433 2119 1473 2178; x_wconf 93' lang='lat' dir='ltr'><strong><em>L.</em></strong></span> <span class='ocrx_word' id='word_1_185' title='bbox 1500 2117 1544 2178; x_wconf 88' lang='lat' dir='ltr'><strong><em>de</em></strong></span> <span class='ocrx_word' id='word_1_186' title='bbox 1565 2135 1632 2176; x_wconf 90' lang='lat' dir='ltr'><strong><em>san·</em></strong></span> 
     </span>
     <span class='ocr_line' id='line_1_19' title="bbox 395 2217 1629 2295; baseline -0.004 -18"><span class='ocrx_word' id='word_1_187' title='bbox 395 2224 445 2278; x_wconf 92' lang='lat' dir='ltr'><strong><em>cta</em></strong></span> <span class='ocrx_word' id='word_1_188' title='bbox 480 2219 668 2294; x_wconf 71' lang='lat' dir='ltr'><strong><em>Virginitate</em></strong></span> <span class='ocrx_word' id='word_1_189' title='bbox 687 2253 705 2266; x_wconf 91' lang='lat'><em>-</em></span> <span class='ocrx_word' id='word_1_190' title='bbox 726 2221 763 2280; x_wconf 91' lang='lat' dir='ltr'><strong><em>L.</em></strong></span> <span class='ocrx_word' id='word_1_191' title='bbox 787 2219 825 2278; x_wconf 89' lang='lat' dir='ltr'><strong><em>de</em></strong></span> <span class='ocrx_word' id='word_1_192' title='bbox 855 2219 930 2281; x_wconf 91' lang='lat' dir='ltr'><strong><em>bono</em></strong></span> <span class='ocrx_word' id='word_1_193' title='bbox 956 2218 1129 2290; x_wconf 86' lang='lat' dir='ltr'><strong><em>uiduitatis,</em></strong></span> <span class='ocrx_word' id='word_1_194' title='bbox 1162 2237 1216 2278; x_wconf 91' lang='lat' dir='ltr'><strong><em>seu</em></strong></span> <span class='ocrx_word' id='word_1_195' title='bbox 1248 2217 1384 2295; x_wconf 87' lang='lat' dir='ltr'><strong><em>epistola</em></strong></span> <span class='ocrx_word' id='word_1_196' title='bbox 1404 2217 1443 2278; x_wconf 89' lang='lat' dir='ltr'><strong><em>ad</em></strong></span> <span class='ocrx_word' id='word_1_197' title='bbox 1463 2217 1629 2278; x_wconf 83' lang='lat' dir='ltr'><strong><em>lulianam</em></strong></span> 
     </span>
     <span class='ocr_line' id='line_1_20' title="bbox 399 2313 1633 2393; baseline -0.002 -18"><span class='ocrx_word' id='word_1_198' title='bbox 399 2315 526 2376; x_wconf 85' lang='lat' dir='ltr'><strong><em>viduam</em></strong></span> <span class='ocrx_word' id='word_1_199' title='bbox 549 2347 566 2364; x_wconf 89' lang='lat'><strong>·</strong></span> <span class='ocrx_word' id='word_1_200' title='bbox 587 2317 630 2380; x_wconf 87' lang='lat' dir='ltr'><strong><em>L.</em></strong></span> <span class='ocrx_word' id='word_1_201' title='bbox 649 2317 685 2376; x_wconf 90' lang='lat' dir='ltr'><strong><em>de</em></strong></span> <span class='ocrx_word' id='word_1_202' title='bbox 708 2317 803 2393; x_wconf 87' lang='lat' dir='ltr'><strong><em>Opere</em></strong></span> <span class='ocrx_word' id='word_1_203' title='bbox 821 2317 1048 2378; x_wconf 86' lang='lat' dir='ltr'><strong><em>Monacborum</em></strong></span> <span class='ocrx_word' id='word_1_204' title='bbox 1069 2349 1086 2362; x_wconf 94' lang='lat'>-</span> <span class='ocrx_word' id='word_1_205' title='bbox 1107 2318 1144 2378; x_wconf 92' lang='lat' dir='ltr'><strong><em>L.</em></strong></span> <span class='ocrx_word' id='word_1_206' title='bbox 1173 2317 1210 2376; x_wconf 91' lang='lat' dir='ltr'><strong><em>de</em></strong></span> <span class='ocrx_word' id='word_1_207' title='bbox 1236 2315 1465 2378; x_wconf 72' lang='lat' dir='ltr'><strong><em>catechizandis</em></strong></span> <span class='ocrx_word' id='word_1_208' title='bbox 1497 2313 1633 2374; x_wconf 82' lang='lat' dir='ltr'><strong><em>rudibus</em></strong></span> 
     </span>
     <span class='ocr_line' id='line_1_21' title="bbox 397 2408 1627 2496; baseline -0.007 -22"><span class='ocrx_word' id='word_1_209' title='bbox 397 2448 415 2462; x_wconf 92' lang='lat'><em>-</em></span> <span class='ocrx_word' id='word_1_210' title='bbox 436 2415 599 2476; x_wconf 82' lang='lat' dir='ltr'><strong><em>Sermones</em></strong></span> <span class='ocrx_word' id='word_1_211' title='bbox 619 2415 844 2492; x_wconf 73' lang='lat' dir='ltr'><strong><em>quadringenti</em></strong></span> <span class='ocrx_word' id='word_1_212' title='bbox 864 2416 994 2476; x_wconf 80' lang='lat' dir='ltr'><strong><em>circiter</em></strong></span> <span class='ocrx_word' id='word_1_213' title='bbox 1015 2416 1143 2493; x_wconf 85' lang='lat' dir='ltr'><strong><em>genuini</em></strong></span> <span class='ocrx_word' id='word_1_214' title='bbox 1163 2415 1332 2496; x_wconf 79' lang='lat' dir='ltr'><strong><em>habentur,</em></strong></span> <span class='ocrx_word' id='word_1_215' title='bbox 1353 2413 1433 2474; x_wconf 87' lang='lat' dir='ltr'><strong><em>alios</em></strong></span> <span class='ocrx_word' id='word_1_216' title='bbox 1444 2408 1627 2476; x_wconf 87' lang='lat' dir='ltr'><strong><em>recentiori</em></strong></span> 
     </span>
     <span class='ocr_line' id='line_1_22' title="bbox 398 2508 1627 2596; baseline -0.005 -24"><span class='ocrx_word' id='word_1_217' title='bbox 398 2517 501 2576; x_wconf 88' lang='lat' dir='ltr'><strong><em>aetate</em></strong></span> <span class='ocrx_word' id='word_1_218' title='bbox 522 2533 561 2576; x_wconf 84' lang='lat' dir='ltr'><strong><em>ex</em></strong></span> <span class='ocrx_word' id='word_1_219' title='bbox 582 2515 683 2577; x_wconf 85' lang='lat' dir='ltr'><strong><em>variis</em></strong></span> <span class='ocrx_word' id='word_1_220' title='bbox 705 2515 870 2575; x_wconf 72' lang='lat' dir='ltr'><strong><em>(lodicibus</em></strong></span> <span class='ocrx_word' id='word_1_221' title='bbox 892 2517 1011 2588; x_wconf 83' lang='lat' dir='ltr'><strong><em>erutos,</em></strong></span> <span class='ocrx_word' id='word_1_222' title='bbox 1034 2513 1120 2591; x_wconf 85' lang='lat' dir='ltr'><strong><em>typis</em></strong></span> <span class='ocrx_word' id='word_1_223' title='bbox 1143 2513 1317 2591; x_wconf 78' lang='lat' dir='ltr'><strong><em>vulgarunt</em></strong></span> <span class='ocrx_word' id='word_1_224' title='bbox 1331 2512 1474 2596; x_wconf 91' lang='lat' dir='ltr'><strong><em>nonnulli</em></strong></span> <span class='ocrx_word' id='word_1_225' title='bbox 1490 2508 1627 2572; x_wconf 87' lang='lat' dir='ltr'><strong><em>eruditi.</em></strong></span> 
     </span>
    </p>
   </div>
   <div class='ocr_carea' id='block_1_2' title="bbox 283 2609 1626 2708">
    <p class='ocr_par' dir='ltr' id='par_1_2' title="bbox 283 2609 1626 2708">
     <span class='ocr_line' id='line_1_23' title="bbox 283 2609 1626 2708; baseline -0.006 -32"><span class='ocrx_word' id='word_1_226' title='bbox 283 2672 285 2676; x_wconf 81' lang='grc'>,</span> <span class='ocrx_word' id='word_1_227' title='bbox 396 2611 554 2688; x_wconf 83' lang='lat' dir='ltr'><strong><em>Epistulae</em></strong></span> <span class='ocrx_word' id='word_1_228' title='bbox 571 2613 714 2708; x_wconf 77' lang='lat' dir='ltr'><strong><em>scriptae</em></strong></span> <span class='ocrx_word' id='word_1_229' title='bbox 728 2617 800 2674; x_wconf 86' lang='lat' dir='ltr'><strong><em>ante</em></strong></span> <span class='ocrx_word' id='word_1_230' title='bbox 815 2612 1036 2689; x_wconf 85' lang='lat' dir='ltr'><strong><em>Episcopatum</em></strong></span> <span class='ocrx_word' id='word_1_231' title='bbox 1058 2615 1261 2672; x_wconf 87' lang='lat' dir='ltr'><strong><em>recensentur</em></strong></span> <span class='ocrx_word' id='word_1_232' title='bbox 1281 2610 1331 2672; x_wconf 86' lang='lat'><strong><em>30.</em></strong></span> <span class='ocrx_word' id='word_1_233' title='bbox 1348 2609 1528 2687; x_wconf 86' lang='lat' dir='ltr'><strong><em>Epistolae‚</em></strong></span> <span class='ocrx_word' id='word_1_234' title='bbox 1547 2625 1626 2686; x_wconf 89' lang='lat' dir='ltr'><strong><em>quas</em></strong></span> 
     </span>
    </p>
   </div>
   <div class='ocr_carea' id='block_1_3' title="bbox 396 2703 1626 2788">
    <p class='ocr_par' dir='ltr' id='par_1_3' title="bbox 396 2703 1626 2788">
     <span class='ocr_line' id='line_1_24' title="bbox 396 2703 1626 2788; baseline -0.003 -18"><span class='ocrx_word' id='word_1_235' title='bbox 396 2711 569 2788; x_wconf 87' lang='lat' dir='ltr'><strong><em>Episcopus</em></strong></span> <span class='ocrx_word' id='word_1_236' title='bbox 591 2711 722 2788; x_wconf 87' lang='lat' dir='ltr'><strong><em>scripsit</em></strong></span> <span class='ocrx_word' id='word_1_237' title='bbox 743 2715 815 2770; x_wconf 90' lang='lat' dir='ltr'><strong><em>ante</em></strong></span> <span class='ocrx_word' id='word_1_238' title='bbox 837 2711 1036 2770; x_wconf 89' lang='lat' dir='ltr'><strong><em>collationem</em></strong></span> <span class='ocrx_word' id='word_1_239' title='bbox 1057 2710 1337 2787; x_wconf 83' lang='lat' dir='ltr'><strong><em>Carthaginensem</em></strong></span> <span class='ocrx_word' id='word_1_240' title='bbox 1352 2729 1423 2773; x_wconf 88' lang='lat' dir='ltr'><strong><em>cum</em></strong></span> <span class='ocrx_word' id='word_1_241' title='bbox 1437 2703 1626 2772; x_wconf 86' lang='lat' dir='ltr'><strong><em>Donatistis</em></strong></span> 
     </span>
    </p>
   </div>
   <div class='ocr_carea' id='block_1_4' title="bbox 396 2798 1641 3183">
    <p class='ocr_par' dir='ltr' id='par_1_4' title="bbox 396 2798 1641 3183">
     <span class='ocr_line' id='line_1_25' title="bbox 396 2798 1641 2900; baseline 0.002 -33"><span class='ocrx_word' id='word_1_242' title='bbox 396 2809 534 2870; x_wconf 87' lang='lat' dir='ltr'><strong><em>habitam</em></strong></span> <span class='ocrx_word' id='word_1_243' title='bbox 556 2813 681 2870; x_wconf 83' lang='lat' dir='ltr'><strong><em>etanta</em></strong></span> <span class='ocrx_word' id='word_1_244' title='bbox 703 2811 856 2872; x_wconf 88' lang='lat' dir='ltr'><strong><em>detectam</em></strong></span> <span class='ocrx_word' id='word_1_245' title='bbox 877 2809 910 2868; x_wconf 92' lang='lat' dir='ltr'><strong><em>in</em></strong></span> <span class='ocrx_word' id='word_1_246' title='bbox 931 2808 1042 2868; x_wconf 86' lang='lat' dir='ltr'><strong><em>Africa</em></strong></span> <span class='ocrx_word' id='word_1_247' title='bbox 1062 2808 1185 2886; x_wconf 86' lang='lat' dir='ltr'><strong><em>Pelagii</em></strong></span> <span class='ocrx_word' id='word_1_248' title='bbox 1206 2798 1361 2877; x_wconf 84' lang='lat' dir='ltr'><strong><em>haeresim</em></strong></span> <span class='ocrx_word' id='word_1_249' title='bbox 1383 2812 1458 2868; x_wconf 87' lang='lat' dir='ltr'><strong><em>sunt</em></strong></span> <span class='ocrx_word' id='word_1_250' title='bbox 1480 2808 1555 2872; x_wconf 80' lang='lat'><em>123.</em></span> <span class='ocrx_word' id='word_1_251' title='bbox 1587 2809 1641 2900; x_wconf 75' lang='lat' dir='ltr'><strong><em>E-¹</em></strong></span> 
     </span>
     <span class='ocr_line' id='line_1_26' title="bbox 400 2906 1626 2988; baseline -0.002 -22"><span class='ocrx_word' id='word_1_252' title='bbox 400 2907 547 2983; x_wconf 84' lang='lat' dir='ltr'><strong><em>pislolae,</em></strong></span> <span class='ocrx_word' id='word_1_253' title='bbox 570 2925 647 2982; x_wconf 89' lang='lat' dir='ltr'><strong><em>quas</em></strong></span> <span class='ocrx_word' id='word_1_254' title='bbox 669 2907 754 2988; x_wconf 83' lang='lat' dir='ltr'><strong><em>dedit</em></strong></span> <span class='ocrx_word' id='word_1_255' title='bbox 775 2907 896 2982; x_wconf 87' lang='lat' dir='ltr'><strong><em>reliquo</em></strong></span> <span class='ocrx_word' id='word_1_256' title='bbox 917 2906 1003 2968; x_wconf 86' lang='lat' dir='ltr'><strong><em>vitae</em></strong></span> <span class='ocrx_word' id='word_1_257' title='bbox 1023 2912 1161 2984; x_wconf 89' lang='lat' dir='ltr'><strong><em>tempore</em></strong></span> <span class='ocrx_word' id='word_1_258' title='bbox 1184 2907 1241 2970; x_wconf 82' lang='lat'><strong><em>231</em></strong></span> <span class='ocrx_word' id='word_1_259' title='bbox 1257 2911 1475 2968; x_wconf 87' lang='lat' dir='ltr'><strong><em>numerantur.</em></strong></span> <span class='ocrx_word' id='word_1_260' title='bbox 1493 2907 1626 2985; x_wconf 86' lang='lat' dir='ltr'><strong><em>Episto-</em></strong></span> 
     </span>
     <span class='ocr_line' id='line_1_27' title="bbox 397 3005 1625 3084; baseline -0.002 -20"><span class='ocrx_word' id='word_1_261' title='bbox 397 3007 443 3066; x_wconf 89' lang='lat' dir='ltr'><strong><em>lae</em></strong></span> <span class='ocrx_word' id='word_1_262' title='bbox 467 3006 607 3082; x_wconf 88' lang='lat' dir='ltr'><strong><em>denique,</em></strong></span> <span class='ocrx_word' id='word_1_263' title='bbox 629 3023 765 3082; x_wconf 39' lang='lat' dir='ltr'><strong><em>quarum.</em></strong></span> <span class='ocrx_word' id='word_1_264' title='bbox 781 3010 904 3084; x_wconf 90' lang='lat' dir='ltr'><strong><em>tempus</em></strong></span> <span class='ocrx_word' id='word_1_265' title='bbox 934 3006 1037 3066; x_wconf 90' lang='lat' dir='ltr'><strong><em>minus</em></strong></span> <span class='ocrx_word' id='word_1_266' title='bbox 1068 3009 1260 3084; x_wconf 88' lang='lat' dir='ltr'><strong><em>compertum</em></strong></span> <span class='ocrx_word' id='word_1_267' title='bbox 1281 3009 1343 3079; x_wconf 86' lang='lat' dir='ltr'><strong><em>est,</em></strong></span> <span class='ocrx_word' id='word_1_268' title='bbox 1365 3008 1403 3066; x_wconf 91' lang='lat' dir='ltr'><strong><em>ad</em></strong></span> <span class='ocrx_word' id='word_1_269' title='bbox 1423 3008 1464 3068; x_wconf 86' lang='lat' dir='ltr'><strong><em>N.</em></strong></span> <span class='ocrx_word' id='word_1_270' title='bbox 1484 3007 1549 3068; x_wconf 83' lang='lat'><strong><em>269</em></strong></span> <span class='ocrx_word' id='word_1_271' title='bbox 1572 3005 1625 3066; x_wconf 88' lang='lat' dir='ltr'><strong><em>ad·</em></strong></span> 
     </span>
     <span class='ocr_line' id='line_1_28' title="bbox 397 3104 1626 3183; baseline -0.002 -19"><span class='ocrx_word' id='word_1_272' title='bbox 397 3106 561 3167; x_wconf 86' lang='lat' dir='ltr'><strong><em>scendunt.</em></strong></span> <span class='ocrx_word' id='word_1_273' title='bbox 586 3105 616 3166; x_wconf 87' lang='lat' dir='ltr'><strong><em>S.</em></strong></span> <span class='ocrx_word' id='word_1_274' title='bbox 640 3105 839 3183; x_wconf 79' lang='lat' dir='ltr'><strong><em>Augustinus</em></strong></span> <span class='ocrx_word' id='word_1_275' title='bbox 860 3105 1015 3166; x_wconf 85' lang='lat' dir='ltr'><strong><em>maximus</em></strong></span> <span class='ocrx_word' id='word_1_276' title='bbox 1036 3105 1122 3164; x_wconf 89' lang='lat' dir='ltr'><strong><em>orbis</em></strong></span> <span class='ocrx_word' id='word_1_277' title='bbox 1144 3105 1295 3164; x_wconf 86' lang='lat' dir='ltr'><strong><em>catholici</em></strong></span> <span class='ocrx_word' id='word_1_278' title='bbox 1316 3105 1468 3182; x_wconf 87' lang='lat' dir='ltr'><strong><em>magister</em></strong></span> <span class='ocrx_word' id='word_1_279' title='bbox 1483 3110 1518 3165; x_wconf 86' lang='lat' dir='ltr'><strong><em>et</em></strong></span> <span class='ocrx_word' id='word_1_280' title='bbox 1541 3104 1626 3166; x_wconf 86' lang='lat' dir='ltr'><strong><em>vali-</em></strong></span> 
     </span>
    </p>
   </div>
   <div class='ocr_carea' id='block_1_5' title="bbox 368 3202 1622 4278">
    <p class='ocr_par' dir='ltr' id='par_1_5' title="bbox 368 3202 1622 4278">
     <span class='ocr_line' id='line_1_29' title="bbox 398 3202 1622 3280; baseline 0.002 -20"><span class='ocrx_word' id='word_1_281' title='bbox 398 3202 547 3262; x_wconf 89' lang='lat' dir='ltr'><strong><em>dissimus</em></strong></span> <span class='ocrx_word' id='word_1_282' title='bbox 569 3205 700 3264; x_wconf 87' lang='lat' dir='ltr'><strong><em>malleus</em></strong></span> <span class='ocrx_word' id='word_1_283' title='bbox 721 3203 964 3277; x_wconf 87' lang='lat' dir='ltr'><strong><em>haereticorum,</em></strong></span> <span class='ocrx_word' id='word_1_284' title='bbox 987 3202 1052 3263; x_wconf 87' lang='lat' dir='ltr'><strong><em>fuit</em></strong></span> <span class='ocrx_word' id='word_1_285' title='bbox 1073 3204 1191 3280; x_wconf 90' lang='lat' dir='ltr'><strong><em>ingenii</em></strong></span> <span class='ocrx_word' id='word_1_286' title='bbox 1222 3203 1489 3280; x_wconf 88' lang='lat' dir='ltr'><strong><em>incomparabilis,</em></strong></span> <span class='ocrx_word' id='word_1_287' title='bbox 1512 3208 1622 3264; x_wconf 86' lang='lat' dir='ltr'><strong><em>tanta-</em></strong></span> 
     </span>
     <span class='ocr_line' id='line_1_30' title="bbox 398 3302 1622 3386; baseline 0.007 -28"><span class='ocrx_word' id='word_1_288' title='bbox 398 3318 457 3376; x_wconf 89' lang='lat' dir='ltr'><strong><em>que</em></strong></span> <span class='ocrx_word' id='word_1_289' title='bbox 479 3303 639 3363; x_wconf 86' lang='lat' dir='ltr'><strong><em>doctrinae</em></strong></span> <span class='ocrx_word' id='word_1_290' title='bbox 661 3302 751 3379; x_wconf 87' lang='lat' dir='ltr'><strong><em>copia</em></strong></span> <span class='ocrx_word' id='word_1_291' title='bbox 773 3303 899 3379; x_wconf 89' lang='lat' dir='ltr'><strong><em>polluit,</em></strong></span> <span class='ocrx_word' id='word_1_292' title='bbox 922 3307 958 3362; x_wconf 92' lang='lat' dir='ltr'><strong><em>ut</em></strong></span> <span class='ocrx_word' id='word_1_293' title='bbox 979 3321 1066 3362; x_wconf 90' lang='lat' dir='ltr'><strong><em>nemo</em></strong></span> <span class='ocrx_word' id='word_1_294' title='bbox 1087 3303 1246 3364; x_wconf 86' lang='lat' dir='ltr'><strong><em>Ecclesiae</em></strong></span> <span class='ocrx_word' id='word_1_295' title='bbox 1267 3303 1439 3365; x_wconf 85' lang='lat' dir='ltr'><strong><em>catholicae</em></strong></span> <span class='ocrx_word' id='word_1_296' title='bbox 1470 3307 1622 3386; x_wconf 83' lang='lat' dir='ltr'><strong><em>dogmata</em></strong></span> 
     </span>
     <span class='ocr_line' id='line_1_31' title="bbox 395 3400 1619 3484; baseline 0.007 -27"><span class='ocrx_word' id='word_1_297' title='bbox 395 3400 464 3476; x_wconf 89' lang='lat' dir='ltr'><strong><em>ipso</em></strong></span> <span class='ocrx_word' id='word_1_298' title='bbox 484 3401 672 3476; x_wconf 84' lang='lat' dir='ltr'><strong><em>profundius</em></strong></span> <span class='ocrx_word' id='word_1_299' title='bbox 707 3401 954 3476; x_wconf 85' lang='lat' dir='ltr'><strong><em>pertractaverit</em></strong></span> <span class='ocrx_word' id='word_1_300' title='bbox 974 3405 1067 3476; x_wconf 88' lang='lat' dir='ltr'><strong><em>atque</em></strong></span> <span class='ocrx_word' id='word_1_301' title='bbox 1089 3401 1421 3463; x_wconf 80' lang='lat' dir='ltr'><strong><em>illustraverit.·Hinc</em></strong></span> <span class='ocrx_word' id='word_1_302' title='bbox 1453 3409 1619 3484; x_wconf 86' lang='lat' dir='ltr'><strong><em>complura</em></strong></span> 
     </span>
     <span class='ocr_line' id='line_1_32' title="bbox 395 3498 1618 3576; baseline 0.005 -18"><span class='ocrx_word' id='word_1_303' title='bbox 395 3499 556 3560; x_wconf 84' lang='lat' dir='ltr'><strong><em>Ecclesiae</em></strong></span> <span class='ocrx_word' id='word_1_304' title='bbox 576 3498 728 3572; x_wconf 83' lang='lat' dir='ltr'><strong><em>Consilia,</em></strong></span> <span class='ocrx_word' id='word_1_305' title='bbox 750 3502 786 3558; x_wconf 89' lang='lat' dir='ltr'><strong><em>ut</em></strong></span> <span class='ocrx_word' id='word_1_306' title='bbox 807 3499 1034 3576; x_wconf 81' lang='lat' dir='ltr'><strong><em>olimSynodus</em></strong></span> <span class='ocrx_word' id='word_1_307' title='bbox 1055 3500 1251 3562; x_wconf 85' lang='lat' dir='ltr'><strong><em>Arausicana</em></strong></span> <span class='ocrx_word' id='word_1_308' title='bbox 1269 3505 1301 3560; x_wconf 90' lang='lat' dir='ltr'><strong><em>et</em></strong></span> <span class='ocrx_word' id='word_1_309' title='bbox 1322 3501 1491 3563; x_wconf 85' lang='lat' dir='ltr'><strong><em>novissime</em></strong></span> <span class='ocrx_word' id='word_1_310' title='bbox 1505 3506 1618 3566; x_wconf 83' lang='lat' dir='ltr'><strong><em>Conci·</em></strong></span> 
     </span>
     <span class='ocr_line' id='line_1_33' title="bbox 396 3597 1617 3680; baseline 0.007 -24"><span class='ocrx_word' id='word_1_311' title='bbox 396 3598 472 3658; x_wconf 90' lang='lat' dir='ltr'><strong><em>lium</em></strong></span> <span class='ocrx_word' id='word_1_312' title='bbox 493 3599 724 3670; x_wconf 86' lang='lat' dir='ltr'><strong><em>Tridentinum,</em></strong></span> <span class='ocrx_word' id='word_1_313' title='bbox 746 3597 779 3656; x_wconf 91' lang='lat' dir='ltr'><strong><em>in</em></strong></span> <span class='ocrx_word' id='word_1_314' title='bbox 808 3598 1006 3658; x_wconf 84' lang='lat' dir='ltr'><strong><em>efformandis</em></strong></span> <span class='ocrx_word' id='word_1_315' title='bbox 1037 3599 1222 3674; x_wconf 89' lang='lat' dir='ltr'><strong><em>edendisque</em></strong></span> <span class='ocrx_word' id='word_1_316' title='bbox 1244 3601 1414 3661; x_wconf 88' lang='lat' dir='ltr'><strong><em>canonibus</em></strong></span> <span class='ocrx_word' id='word_1_317' title='bbox 1441 3607 1535 3680; x_wconf 90' lang='lat' dir='ltr'><strong><em>atque</em></strong></span> <span class='ocrx_word' id='word_1_318' title='bbox 1565 3607 1617 3665; x_wconf 89' lang='lat' dir='ltr'><strong><em>de-</em></strong></span> 
     </span>
     <span class='ocr_line' id='line_1_34' title="bbox 396 3695 1401 3774; baseline 0.003 -18"><span class='ocrx_word' id='word_1_319' title='bbox 396 3697 504 3766; x_wconf 88' lang='lat' dir='ltr'><strong><em>cretis,</em></strong></span> <span class='ocrx_word' id='word_1_320' title='bbox 526 3697 596 3774; x_wconf 89' lang='lat' dir='ltr'><strong><em>ipsa</em></strong></span> <span class='ocrx_word' id='word_1_321' title='bbox 617 3698 646 3756; x_wconf 86' lang='lat' dir='ltr'><strong><em>S.</em></strong></span> <span class='ocrx_word' id='word_1_322' title='bbox 671 3696 817 3757; x_wconf 88' lang='lat' dir='ltr'><strong><em>Doctoris</em></strong></span> <span class='ocrx_word' id='word_1_323' title='bbox 838 3696 934 3755; x_wconf 81' lang='lat' dir='ltr'><strong><em>rerba</em></strong></span> <span class='ocrx_word' id='word_1_324' title='bbox 954 3695 1135 3772; x_wconf 86' lang='lat' dir='ltr'><strong><em>frequenter</em></strong></span> <span class='ocrx_word' id='word_1_325' title='bbox 1155 3697 1374 3760; x_wconf 89' lang='lat' dir='ltr'><strong><em>adhibuerunt.</em></strong></span> <span class='ocrx_word' id='word_1_326' title='bbox 1391 3701 1401 3744; x_wconf 93' lang='lat'>1</span> 
     </span>
     <span class='ocr_line' id='line_1_35' title="bbox 457 3794 1615 3876; baseline 0.008 -22"><span class='ocrx_word' id='word_1_327' title='bbox 457 3796 632 3856; x_wconf 78' lang='lat' dir='ltr'><strong><em>Snuvnnns</em></strong></span> <span class='ocrx_word' id='word_1_328' title='bbox 653 3794 699 3876; x_wconf 87' lang='lat' dir='ltr'><strong><em>(fl.</em></strong></span> <span class='ocrx_word' id='word_1_329' title='bbox 723 3815 752 3856; x_wconf 91' lang='lat' dir='ltr'><strong><em>a.</em></strong></span> <span class='ocrx_word' id='word_1_330' title='bbox 776 3816 802 3855; x_wconf 88' lang='lat' dir='ltr'><strong><em>c.</em></strong></span> <span class='ocrx_word' id='word_1_331' title='bbox 826 3795 907 3874; x_wconf 87' lang='grc'>430).</span> <span class='ocrx_word' id='word_1_332' title='bbox 939 3796 1075 3873; x_wconf 86' lang='lat' dir='ltr'><strong><em>Scripsit</em></strong></span> <span class='ocrx_word' id='word_1_333' title='bbox 1095 3798 1192 3856; x_wconf 88' lang='lat' dir='ltr'><strong><em>libros</em></strong></span> <span class='ocrx_word' id='word_1_334' title='bbox 1225 3803 1296 3858; x_wconf 90' lang='lat' dir='ltr'><strong><em>octo</em></strong></span> <span class='ocrx_word' id='word_1_335' title='bbox 1327 3801 1362 3858; x_wconf 90' lang='lat' dir='ltr'><strong><em>do</em></strong></span> <span class='ocrx_word' id='word_1_336' title='bbox 1390 3802 1615 3876; x_wconf 72' lang='lat' dir='ltr'><strong><em>gubernatione</em></strong></span> 
     </span>
     <span class='ocr_line' id='line_1_36' title="bbox 395 3893 1614 3980; baseline 0.008 -26"><span class='ocrx_word' id='word_1_337' title='bbox 395 3893 449 3954; x_wconf 90' lang='lat' dir='ltr'><strong><em>Dei</em></strong></span> <span class='ocrx_word' id='word_1_338' title='bbox 471 3926 488 3938; x_wconf 90' lang='lat'>·</span> <span class='ocrx_word' id='word_1_339' title='bbox 509 3894 617 3952; x_wconf 89' lang='lat' dir='ltr'><strong><em>Libros</em></strong></span> <span class='ocrx_word' id='word_1_340' title='bbox 637 3901 771 3969; x_wconf 87' lang='lat' dir='ltr'><strong><em>quatuor</em></strong></span> <span class='ocrx_word' id='word_1_341' title='bbox 792 3895 937 3954; x_wconf 85' lang='lat' dir='ltr'><strong><em>aduersus</em></strong></span> <span class='ocrx_word' id='word_1_342' title='bbox 950 3897 1119 3956; x_wconf 87' lang='lat' dir='ltr'><strong><em>auaritiam</em></strong></span> <span class='ocrx_word' id='word_1_343' title='bbox 1133 3930 1153 3944; x_wconf 97' lang='lat'>-</span> <span class='ocrx_word' id='word_1_344' title='bbox 1167 3897 1322 3973; x_wconf 80' lang='lat' dir='ltr'><strong><em>Epistulas</em></strong></span> <span class='ocrx_word' id='word_1_345' title='bbox 1341 3902 1456 3972; x_wconf 86' lang='lat' dir='ltr'><strong><em>uarias,</em></strong></span> <span class='ocrx_word' id='word_1_346' title='bbox 1477 3921 1614 3980; x_wconf 86' lang='lat' dir='ltr'><strong><em>quarum</em></strong></span> 
     </span>
     <span class='ocr_line' id='line_1_37' title="bbox 368 3992 1613 4076; baseline 0.01 -26"><span class='ocrx_word' id='word_1_347' title='bbox 368 4007 370 4016; x_wconf 91' lang='lat'>·</span> <span class='ocrx_word' id='word_1_348' title='bbox 395 4009 502 4052; x_wconf 87' lang='lat' dir='ltr'><strong><em>nouem</em></strong></span> <span class='ocrx_word' id='word_1_349' title='bbox 524 3992 616 4052; x_wconf 88' lang='lat' dir='ltr'><strong><em>hodie</em></strong></span> <span class='ocrx_word' id='word_1_350' title='bbox 636 3999 816 4070; x_wconf 87' lang='lat' dir='ltr'><strong><em>supersunt.</em></strong></span> <span class='ocrx_word' id='word_1_351' title='bbox 840 3994 916 4054; x_wconf 88' lang='lat' dir='ltr'><strong><em>Eius</em></strong></span> <span class='ocrx_word' id='word_1_352' title='bbox 937 4013 1030 4072; x_wconf 88' lang='lat' dir='ltr'><strong><em>opera</em></strong></span> <span class='ocrx_word' id='word_1_353' title='bbox 1051 3997 1137 4073; x_wconf 81' lang='lat' dir='ltr'><strong><em>stylo</em></strong></span> <span class='ocrx_word' id='word_1_354' title='bbox 1157 4013 1306 4072; x_wconf 86' lang='lat' dir='ltr'><strong><em>perquam</em></strong></span> <span class='ocrx_word' id='word_1_355' title='bbox 1320 3999 1456 4076; x_wconf 89' lang='lat' dir='ltr'><strong><em>eleganti</em></strong></span> <span class='ocrx_word' id='word_1_356' title='bbox 1474 4002 1613 4064; x_wconf 89' lang='lat' dir='ltr'><strong><em>conscri-</em></strong></span> 
     </span>
     <span class='ocr_line' id='line_1_38' title="bbox 395 4090 1080 4180; baseline 0 -28"><span class='ocrx_word' id='word_1_357' title='bbox 395 4096 449 4169; x_wconf 87' lang='lat' dir='ltr'><strong><em>pta</em></strong></span> <span class='ocrx_word' id='word_1_358' title='bbox 470 4094 555 4152; x_wconf 89' lang='lat' dir='ltr'><strong><em>sunt.</em></strong></span> <span class='ocrx_word' id='word_1_359' title='bbox 579 4090 634 4151; x_wconf 90' lang='lat' dir='ltr'><strong><em>Ed.</em></strong></span> <span class='ocrx_word' id='word_1_360' title='bbox 658 4093 776 4168; x_wconf 88' lang='lat' dir='ltr'><strong><em>optima</em></strong></span> <span class='ocrx_word' id='word_1_361' title='bbox 797 4094 901 4154; x_wconf 87' lang='lat' dir='ltr'><strong><em>Paris.</em></strong></span> <span class='ocrx_word' id='word_1_362' title='bbox 925 4094 1013 4156; x_wconf 83' lang='lat'><em>1663.</em></span> <span class='ocrx_word' id='word_1_363' title='bbox 1076 4173 1080 4180; x_wconf 21' lang='lat'>²</span> 
     </span>
     <span class='ocr_line' id='line_1_39' title="bbox 454 4187 1610 4278; baseline 0.008 -26"><span class='ocrx_word' id='word_1_364' title='bbox 454 4189 588 4254; x_wconf 79' lang='lat' dir='ltr'><strong><em>Ioenuus</em></strong></span> <span class='ocrx_word' id='word_1_365' title='bbox 609 4190 775 4266; x_wconf 74' lang='lat' dir='ltr'><strong><em>Uesaeuus</em></strong></span> <span class='ocrx_word' id='word_1_366' title='bbox 790 4187 837 4269; x_wconf 61' lang='grc' dir='ltr'><strong><em>(ἲ.Ι</em></strong></span> <span class='ocrx_word' id='word_1_367' title='bbox 851 4211 878 4252; x_wconf 90' lang='lat' dir='ltr'><strong><em>a.</em></strong></span> <span class='ocrx_word' id='word_1_368' title='bbox 902 4190 985 4272; x_wconf 76' lang='lat'><em>430).</em></span> <span class='ocrx_word' id='word_1_369' title='bbox 1008 4193 1141 4254; x_wconf 86' lang='lat' dir='ltr'><strong><em>Litteris</em></strong></span> <span class='ocrx_word' id='word_1_370' title='bbox 1164 4194 1365 4272; x_wconf 86' lang='lat' dir='ltr'><strong><em>consignavit</em></strong></span> <span class='ocrx_word' id='word_1_371' title='bbox 1379 4198 1610 4278; x_wconf 80' lang='lat' dir='ltr'><strong><em>Librosseptem</em></strong></span> 
     </span>
    </p>
   </div>
   <div class='ocr_carea' id='block_1_6' title="bbox 395 4393 1608 4667">
    <p class='ocr_par' dir='ltr' id='par_1_6' title="bbox 395 4393 1608 4667">
     <span class='ocr_line' id='line_1_40' title="bbox 450 4393 1608 4458; baseline 0.015 -20"><span class='ocrx_word' id='word_1_372' title='bbox 450 4395 504 4440; x_wconf 91' lang='lat' dir='ltr'><strong><em>11n</em></strong></span> <span class='ocrx_word' id='word_1_373' title='bbox 519 4393 684 4451; x_wconf 81' lang='lat' dir='ltr'><strong><em>perlegendis</em></strong></span> <span class='ocrx_word' id='word_1_374' title='bbox 699 4393 841 4452; x_wconf 79' lang='lat' dir='ltr'><strong><em>Augustini</em></strong></span> <span class='ocrx_word' id='word_1_375' title='bbox 861 4396 988 4453; x_wconf 85' lang='lat' dir='ltr'><strong><em>operibus</em></strong></span> <span class='ocrx_word' id='word_1_376' title='bbox 1010 4397 1188 4454; x_wconf 85' lang='lat' dir='ltr'><strong><em>incipiendum</em></strong></span> <span class='ocrx_word' id='word_1_377' title='bbox 1209 4400 1249 4448; x_wconf 83' lang='lat' dir='ltr'><strong><em>est</em></strong></span> <span class='ocrx_word' id='word_1_378' title='bbox 1267 4411 1283 4446; x_wconf 87' lang='lat' dir='ltr'><strong><em>a</em></strong></span> <span class='ocrx_word' id='word_1_379' title='bbox 1301 4405 1380 4450; x_wconf 84' lang='lat' dir='ltr'><strong><em>Ltbro</em></strong></span> <span class='ocrx_word' id='word_1_380' title='bbox 1403 4407 1608 4458; x_wconf 75' lang='lat' dir='ltr'><strong><em>confessionum</em></strong></span> 
     </span>
     <span class='ocr_line' id='line_1_41' title="bbox 395 4465 1608 4534; baseline 0.013 -24"><span class='ocrx_word' id='word_1_381' title='bbox 395 4467 422 4510; x_wconf 88' lang='lat' dir='ltr'><strong><em>et</em></strong></span> <span class='ocrx_word' id='word_1_382' title='bbox 438 4477 454 4512; x_wconf 89' lang='lat' dir='ltr'><strong><em>a</em></strong></span> <span class='ocrx_word' id='word_1_383' title='bbox 470 4469 545 4511; x_wconf 79' lang='lat' dir='ltr'><strong><em>libris</em></strong></span> <span class='ocrx_word' id='word_1_384' title='bbox 559 4469 677 4512; x_wconf 79' lang='lat' dir='ltr'><strong><em>Retraet.</em></strong></span> <span class='ocrx_word' id='word_1_385' title='bbox 692 4475 723 4510; x_wconf 85' lang='lat' dir='ltr'><strong><em>ex</em></strong></span> <span class='ocrx_word' id='word_1_386' title='bbox 738 4465 780 4511; x_wconf 87' lang='lat' dir='ltr'><strong><em>his</em></strong></span> <span class='ocrx_word' id='word_1_387' title='bbox 794 4465 864 4511; x_wconf 90' lang='lat' dir='ltr'><strong><em>enim</em></strong></span> <span class='ocrx_word' id='word_1_388' title='bbox 879 4469 963 4524; x_wconf 83' lang='lat' dir='ltr'><strong><em>patet,</em></strong></span> <span class='ocrx_word' id='word_1_389' title='bbox 978 4479 1029 4526; x_wconf 90' lang='lat' dir='ltr'><strong><em>quo</em></strong></span> <span class='ocrx_word' id='word_1_390' title='bbox 1045 4469 1174 4526; x_wconf 83' lang='lat' dir='ltr'><strong><em>temporis</em></strong></span> <span class='ocrx_word' id='word_1_391' title='bbox 1189 4471 1282 4518; x_wconf 88' lang='lat' dir='ltr'><strong><em>ordine</em></strong></span> <span class='ocrx_word' id='word_1_392' title='bbox 1298 4475 1434 4531; x_wconf 85' lang='lat' dir='ltr'><strong><em>quodlibet</em></strong></span> <span class='ocrx_word' id='word_1_393' title='bbox 1448 4488 1513 4534; x_wconf 84' lang='lat' dir='ltr'><strong><em>opus</em></strong></span> <span class='ocrx_word' id='word_1_394' title='bbox 1527 4479 1608 4526; x_wconf 82' lang='lat' dir='ltr'><strong><em>luerit</em></strong></span> 
     </span>
     <span class='ocr_line' id='line_1_42' title="bbox 395 4537 1607 4598; baseline 0.012 -14"><span class='ocrx_word' id='word_1_395' title='bbox 395 4538 430 4584; x_wconf 86' lang='lat' dir='ltr'><strong><em>ab</em></strong></span> <span class='ocrx_word' id='word_1_396' title='bbox 444 4537 502 4596; x_wconf 81' lang='lat' dir='ltr'><strong><em>ipso</em></strong></span> <span class='ocrx_word' id='word_1_397' title='bbox 514 4541 665 4588; x_wconf 84' lang='lat' dir='ltr'><strong><em>exaratum.</em></strong></span> <span class='ocrx_word' id='word_1_398' title='bbox 680 4537 768 4582; x_wconf 80' lang='lat' dir='ltr'><strong><em>unitio</em></strong></span> <span class='ocrx_word' id='word_1_399' title='bbox 779 4537 899 4586; x_wconf 89' lang='lat' dir='ltr'><strong><em>omnium</em></strong></span> <span class='ocrx_word' id='word_1_400' title='bbox 909 4542 1013 4598; x_wconf 86' lang='lat' dir='ltr'><strong><em>optima</em></strong></span> <span class='ocrx_word' id='word_1_401' title='bbox 1022 4541 1180 4589; x_wconf 86' lang='lat' dir='ltr'><strong><em>concinnata</em></strong></span> <span class='ocrx_word' id='word_1_402' title='bbox 1189 4544 1228 4588; x_wconf 85' lang='lat' dir='ltr'><strong><em>est</em></strong></span> <span class='ocrx_word' id='word_1_403' title='bbox 1238 4545 1353 4592; x_wconf 82' lang='lat' dir='ltr'><strong><em>Parisiis</em></strong></span> <span class='ocrx_word' id='word_1_404' title='bbox 1362 4556 1380 4594; x_wconf 85' lang='lat' dir='ltr'><strong><em>e.</em></strong></span> <span class='ocrx_word' id='word_1_405' title='bbox 1388 4547 1523 4596; x_wconf 83' lang='lat' dir='ltr'><strong><em>Monaehis</em></strong></span> <span class='ocrx_word' id='word_1_406' title='bbox 1531 4552 1555 4596; x_wconf 83' lang='lat' dir='ltr'><strong><em>S.</em></strong></span> <span class='ocrx_word' id='word_1_407' title='bbox 1563 4555 1607 4598; x_wconf 86' lang='lat' dir='ltr'><strong><em>Be·</em></strong></span> 
     </span>
     <span class='ocr_line' id='line_1_43' title="bbox 396 4609 1138 4667; baseline 0.005 -13"><span class='ocrx_word' id='word_1_408' title='bbox 396 4609 494 4656; x_wconf 87' lang='lat' dir='ltr'><strong><em>nedicti</em></strong></span> <span class='ocrx_word' id='word_1_409' title='bbox 507 4621 538 4656; x_wconf 86' lang='lat' dir='ltr'><strong><em>ex</em></strong></span> <span class='ocrx_word' id='word_1_410' title='bbox 552 4611 645 4667; x_wconf 77' lang='lat' dir='ltr'><strong><em>congr.</em></strong></span> <span class='ocrx_word' id='word_1_411' title='bbox 660 4612 684 4655; x_wconf 82' lang='lat' dir='ltr'><strong><em>s.</em></strong></span> <span class='ocrx_word' id='word_1_412' title='bbox 700 4609 790 4656; x_wconf 86' lang='lat' dir='ltr'><strong><em>Mauri</em></strong></span> <span class='ocrx_word' id='word_1_413' title='bbox 805 4620 875 4658; x_wconf 85' lang='lat' dir='ltr'><strong><em>anno</em></strong></span> <span class='ocrx_word' id='word_1_414' title='bbox 890 4612 943 4661; x_wconf 78' lang='grc'>1679</span> <span class='ocrx_word' id='word_1_415' title='bbox 957 4613 992 4658; x_wconf 82' lang='lat' dir='ltr'><strong><em>xl</em></strong></span> <span class='ocrx_word' id='word_1_416' title='bbox 1006 4615 1078 4660; x_wconf 76' lang='lat' dir='ltr'><strong><em>Tam.</em></strong></span> <span class='ocrx_word' id='word_1_417' title='bbox 1093 4612 1138 4659; x_wconf 84' lang='lat' dir='ltr'><strong><em>fol.</em></strong></span> 
     </span>
    </p>
   </div>
   <div class='ocr_carea' id='block_1_7' title="bbox 0 0 1738 5362">
    <p class='ocr_par' dir='ltr' id='par_1_7' title="bbox 0 0 1738 5362">
     <span class='ocr_line' id='line_1_44' title="bbox 0 0 1738 5362; baseline 0 1"><span class='ocrx_word' id='word_1_418' title='bbox 0 0 1738 5362; x_wconf 95' lang='lat' dir='ltr'><strong><em> </em></strong></span> 
     </span>
    </p>
   </div>
  </div>
 </body>
</html>
