3444 5358
897 333 938 350 ..
960 302 974 361 1
1037 335 1079 352 .-

379 403 477 472 tores,
498 399 660 477 praecipui
679 401 771 460 erant
785 303 1174 480 1666661666ῗέ66161666.
1188 397 1280 480 1656)
1293 401 1331 460 66
1345 403 1491 478 negatam
1505 403 1602 462 Petro

378 497 522 574 peccanti
544 498 680 575 gratiam
701 497 918 570 sufficientem,
933 501 966 558 et
985 499 1145 558 inductam
1166 490 1380 574 quaestionem
1400 497 1603 560 1666116666-

377 596 465 655 61661
485 615 504 656 6
524 596 663 656 Sorbona
682 596 834 672 expulsus
855 628 875 641 -
896 597 1076 656 Ludcvicus
1099 599 1135 656 de
1157 598 1186 657 S.
1208 597 1322 655 Amore
1342 629 1363 642 -
1382 596 1511 657 Gabriel
1529 599 1603 656 Ger·
1697 601 1698 660 3

377 694 472 754 beron
494 727 511 741 -
533 695 692 772 Eugeniue
715 695 750 754 de
771 695 905 756 Galdern
925 695 1121 755 -Candidus
1152 695 1221 754 sive
1251 695 1413 772 Aegydius
1439 697 1475 754 de
1497 695 1603 756 Wutte
1697 705 1698 774 J

376 793 504 869 aliique.
1697 797 1698 812 ¹

436 890 628 956 Qumrrsran
647 891 729 950 Novi
751 889 793 969 (a.
818 889 920 969 1665).
942 891 1008 950 Alii
1033 890 1189 950 Curantes
1209 907 1228 950 a
1248 891 1392 966 dogmate
1422 893 1478 949 aut
1510 889 1604 949 Moli-

376 987 515 1048 nosistac
536 1005 554 1047 6
574 987 728 1046 Μ16116616
748 987 884 1048 Μ611666
910 989 1001 1061 dicti,
1024 988 1277 1048 Dulcinistarum
1306 991 1339 1046 66
1362 987 1602 1064 Beguardorum

377 1086 527 1158 asseclae,
551 1085 608 1145 sub
631 1086 734 1162 specie
756 1069 1042 1162 contemplationis,
1074 1087 1123 1145 sui
1157 1085 1411 1155 annihilationis,
1443 1083 1604 1161 perfectae

377 1182 493 1258 quietis
515 1183 678 1242 interioris
693 1186 725 1242 et
739 1183 850 1242 totalis
863 1183 990 1242 unionis
1007 1201 1077 1242 cum
1089 1184 1165 1256 Dec,
1181 1183 1320 1258 reliquos
1339 1199 1445 1240 omncs
1469 1181 1602 1240 virtutis

377 1284 525 1340 6666666
548 1281 628 1340 6666
647 1295 741 1357 opera
761 1281 949 1340 reiiciebant
969 1285 1005 1340 ut
1028 1280 1198 1358 superflua,
1229 1283 1443 1351 autumantes,
1475 1279 1604 1338 interna

377 1377 436 1436 hac
457 1377 561 1453 quiete
578 1379 671 1437 semel
685 1378 824 1451 obtenta,
845 1379 969 1456 peccari
989 1379 1125 1456 amplius
1147 1377 1340 1456 66666666,
1367 1377 1509 1452 nihilque
1532 1393 1605 1435 san-

378 1475 487 1534 ctitati
508 1475 648 1535 officere:
672 1475 743 1535 inde
764 1476 798 1535 16
820 1475 1000 1535 foedissima
1031 1493 1170 1552 quaeque
1201 1476 1352 1552 prolapsi.
1377 1501 1393 1520 ⁶
1415 1473 1480 1532 Alii
1502 1475 1603 1550 Spiri-

377 1573 475 1631 666166
493 1571 557 1652 (an.
582 1571 673 1653 1698)
695 1574 759 1633 orti
779 1574 942 1634 occasione
956 1574 1046 1634 Libri
1067 1575 1119 1632 661
1141 1575 1274 1633 titulus.
1294 1573 1450 1632 «Placita
1471 1573 1603 1632 Sancto-

377 1688 446 1729 rum
468 1691 485 1726 »
507 1670 666 1747 explicata
696 1688 792 1749 super
813 1671 896 1731 viam
917 1671 1099 1732 interiorem
1131 1672 1169 1731 ab
1196 1673 1287 1732 lllmo
1308 1673 1345 1731 D.
1370 1671 1544 1730 Francisco
1566 1671 1625 1752 de·

377 1767 524 1846 Salignac
546 1769 683 1828 Fenelon
703 1770 801 1829 Arch.
825 1771 1042 1830 Cameracensi
1072 1769 1257 1847 conscripti.
1289 1769 1527 1846 Propositiones
1550 1769 1602 1828 hic

377 1867 601 1926 statuebantur
621 1867 894 1928 Molincsistarum
916 1868 1082 1945 principiis
1114 1867 1234 1940 affines,
1267 1868 1320 1926 sed
1352 1867 1598 1944 castigatiores:

376 1963 438 2041 ipsi
461 1965 568 2024 itidem
591 1966 730 2026 moribus
752 1967 790 2025 ab
812 1965 1392 2042 6166166616661666616666611661.

437 2063 612 2123 Aanrnmru
633 2062 675 2142 (a.
698 2061 798 2141 1609).
814 2062 842 2121 Α
857 2064 968 2122 166666
988 2063 1144 2134 Arminio,
1161 2063 1269 2122 Molles
1282 2081 1301 2122 a
1315 2063 1462 2140 mitigata
1476 2063 1601 2123 Caluini

377 2161 534 2232 doctrina,
555 2163 807 2222 Remonstrantcs
828 2181 846 2221 6
868 2163 988 2238 scripto
1012 2163 1092 2236 quod
1120 2161 1305 2222 Hellandiae
1325 2161 1496 2220 Ordinibus
1518 2161 1604 2220 obla·

376 2263 444 2318 tum
464 2261 754 2319 rememorationem
776 2259 933 2331 dicebant,
956 2259 1143 2336 nuncupati,
1167 2259 1199 2318 in
1226 2258 1436 2335 suspicionem
1467 2259 1603 2318 socinia-

376 2356 473 2416 nismi
493 2362 526 2418 et
557 2357 854 2436 semipelagianismi
884 2358 990 2416 vocati
1021 2360 1106 2416 sunt.
1139 2389 1156 2402 -
1177 2356 1330 2418 Vicissim
1360 2359 1603 2418 Concursrana

376 2456 548 2516 Francisco
569 2459 714 2529 Gomara,
736 2458 846 2518 R1c1n1
868 2473 887 2514 a
908 2455 1053 2515 doctrina
1073 2453 1197 2515 Caluini
1222 2459 1362 2526 servata,
1388 2455 1517 2539 Conana
1539 2456 1600 2514 Ra-

377 2569 601 2615 uousvnaurns
625 2575 644 2614 6
664 2555 771 2614 1166116
791 2553 986 2613 Arminianis
1007 2553 1151 2629 opposito
1171 2571 1253 2612 anno
1282 2553 1388 2612 eodem
1410 2553 1501 2625 dicti,
1529 2571 1601 2611 con-

376 2650 545 2709 tendebant
565 2667 656 2726 posse
676 2653 832 2710 hominem
853 2651 887 2708 in
908 2654 1071 2709 aeternum
1092 2650 1195 2726 perire
1217 2648 1343 2710 defectu
1365 2650 1601 2710 misericordiae

375 2745 515 2807 divinae:
539 2746 637 2808 Deum
658 2749 724 2808 6616
743 2765 801 2806 666
821 2747 940 2825 6166166
970 2749 1119 2823 quosdam
1142 2749 1326 2825 reprobare3
1361 2767 1423 2806 non
1452 2749 1599 2808 omnibus

377 2843 446 2902 dari
466 2845 568 2904 media
588 2848 626 2906 ad
647 2847 782 2906 salutem
806 2846 1002 2906 sufficientia.

434 2943 659 3028 Prscaronmur
678 2943 743 3026 (an.
768 2942 867 3025 1620).
889 2945 916 3004 Α
931 2946 1045 3004 166666
1059 2944 1223 3004 Ρ16666666
1238 2945 1426 3020 nuncupati,
1442 2945 1601 3004 iustitiam

376 3041 497 3100 Christi
519 3043 551 3100 in
572 3043 711 3104 activam
729 3047 765 3102 66
785 3044 944 3122 passivam
966 3044 1160 3116 dividebant,
1183 3045 1271 3103 illam
1287 3043 1346 3103 soli
1360 3044 1502 3116 Christo,
1520 3044 1602 3104 hanc

375 3140 519 3200 fidelibus
540 3142 716 3204 tribuentes
737 3159 798 3217 qua
819 3141 998 3202 formaliter
1017 3142 1290 3202 iustificarentur:
1307 3141 1339 3200 in
1361 3143 1463 3202 Coena
1476 3142 1602 3201 Domini

274 3314 277 3320 Δ
377 3236 563 3298 fractionem
583 3241 673 3316 panis
703 3239 904 3299 essentialem
935 3239 1128 3298 statuebant.
1161 3242 1276 3317 Legem
1299 3239 1470 3299 Mosaicam
1501 3241 1602 3315 quoad

377 3333 540 3394 iudicialia
559 3341 593 3396 et
614 3355 783 3412 poenarum
805 3353 919 3414 genera
939 3337 1085 3396 nolebant
1100 3337 1262 3412 abolitam,
1279 3337 1311 3395 in
1334 3337 1464 3412 reliquis
1480 3355 1602 3413 quoque

378 3433 415 3491 de
436 3434 724 3510 praedestinatione
745 3438 777 3493 et
798 3433 993 3511 poenitentia
1013 3435 1111 3494 locuti
1134 3437 1223 3495 modo
1245 3435 1412 3511 singulari.

435 3533 606 3592 Pinvlsu'an
626 3530 669 3611 (a.
688 3530 1068 3608 1670).Aucc0re1acobo
1086 3533 1256 3608 Spennero,
1274 3532 1490 3590 communione
1504 3551 1601 3608 aeque

378 3645 414 3686 ac
436 3627 580 3687 doctrina
600 3629 848 3706 segregabantur
875 3647 894 3688 6
915 3629 1044 3704 reliquis
1072 3629 1277 3700 Lutheranis‚
1300 3646 1362 3702 qua
1391 3630 1423 3687 in
1445 3633 1602 3706 postrema

379 3724 466 3784 circa
485 3725 566 3784 bona
595 3743 701 3802 opera,
723 3727 939 3785 mandatorum
966 3727 1229 3797 observationem,
1252 3725 1457 3786 consiliorum
1492 3745 1602 3804 appro-

378 3821 534 3880 bationem
555 3826 587 3881 et
609 3824 740 3900 pietatis
761 3813 916 3883 exercitia
936 3826 975 3883 ad
1001 3825 1180 3885 Catholicae
1201 3821 1301 3898 magis
1330 3825 1493 3884 accedunt.
1514 3825 1603 3884 Divi-

379 3919 496 3978 duntur
516 3919 579 3994 ipsi
599 3921 683 3980 inter
704 3939 736 3980 se
757 3922 790 3981 in
815 3923 1004 3993 Visieoistoe,
1026 3925 1172 3993 11666666,
1197 3921 1456 3999 Contemplatiooc
1469 3925 1501 3981 66
1522 3922 1600 3981 61166

379 4015 589 4076 diversissimi
611 4019 757 4078 nominis.

439 4115 505 4174 Hoc
532 4115 651 4192 pariter
673 4117 797 4175 saeculo
824 4117 1026 4177 insanierunt
1054 4119 1085 4175 16
1113 4116 1220 4176 Gallia
1246 4117 1528 4188 Merarucausuan,
1549 4135 1602 4175 au-

381 4217 468 4271 ctore
499 4213 638 4272 Damam
668 4214 857 4286 6666116616,
879 4219 1055 4274 asserentes
1077 4215 1195 4274 Filium
1216 4214 1273 4272 Dei
1294 4232 1355 4272 non
1389 4232 1457 4274 esse
1478 4195 1624 4290 proprie'
1697 4261 1698 4272 2

383 4309 518 4368 Verbum
541 4314 597 4370 aut
626 4309 792 4387 imaginem
821 4313 929 4372 Patris
956 4315 1009 4371 sed
1034 4312 1255 4388 metaphorice:
1289 4313 1364 4370 item
1396 4312 1602 4388 sumptionem

381 4407 601 4468 Eucharistiae
622 4408 747 4468 nonnisi
769 4410 1013 4486 metaphoricam
1028 4427 1096 4468 esse
1116 4411 1602 4470 comestionem.lusr1aar1sraa

373 4507 412 4564 ⁴in
433 4507 612 4583 Germania,
632 4509 763 4572 ducibus
777 4508 947 4569 Valentino
960 4507 1117 4584 Weigelio
1138 4511 1170 4568 et
1190 4508 1303 4569 Iacobo
1318 4507 1478 4580 Boahmio,
1495 4505 1598 4566 falsas
