3466 5362
97 425 229 484 stantini
247 425 292 484 M.
312 457 327 472 ·
350 427 529 486 Orationem
549 425 586 486 de
606 425 748 487 laudibus
768 426 901 487 eiusdem
916 457 930 473 ·
951 426 1062 488 Libros
1083 428 1112 488 4.
1135 445 1206 489 cum
1229 432 1326 493 titulo

98 522 233 597 Ereboque
248 523 455 600 propheticae.
479 525 525 584 Ex
549 526 666 585 Comm.
683 525 716 582 in
737 524 914 601 Scripturis
929 529 1099 604 supersunt
1120 557 1134 571 -
1156 528 1274 590 Comm.
1291 533 1325 588 iu

98 622 175 679 118.
197 622 337 680 Psalmos
353 624 474 698 priores
492 655 506 668 -
527 623 751 682 Commentarii
765 624 798 680 in
812 622 927 682 Isaiam
942 623 996 700 qui
1011 622 1077 682 iere
1099 624 1217 704 integri
1234 633 1320 687 sunt.

94 751 108 762 -
129 717 269 796 Scripsit
289 720 419 797 insuper
449 722 589 781 Canones
618 722 678 782 siue
698 721 815 782 Indices
835 721 935 782 decem
955 721 1149 782 Harmoniae
1179 725 1323 801 Eocnpe·

95 819 211 876 tiorum
230 851 245 864 ·
263 819 371 878 Libros
393 827 452 879 tres
475 819 694 884 Quaestionum
718 821 995 896 Euanpelicarum,
1017 837 1151 897 quarum
1172 827 1324 900 excerpta

96 915 255 989 breviata,
283 934 337 976 seu
366 917 472 994 capita
505 919 634 989 selecta,
656 918 793 996 primum
821 918 906 978 edita
927 917 1060 978 suntab
1081 919 1202 996 Angelo
1223 922 1321 996 Maio,

96 1045 114 1059 -
139 1013 405 1096 Commentarium
424 1017 458 1074 in
481 1017 600 1076 Lucam
621 1016 675 1092 qui
703 1034 742 1076 ex
768 1019 858 1093 parte
884 1016 974 1076 hodie
1003 1021 1148 1093 superest
1169 1021 1201 1077 et
1223 1020 1323 1096 speci·

97 1132 168 1173 men
194 1114 323 1190 praebet
350 1115 430 1173 unde
459 1119 680 1192 cognoscatur,
708 1133 769 1191 qua
794 1115 915 1175 ratione
942 1115 1099 1202 Eusebius
1126 1115 1322 1193 explanando

98 1214 189 1272 Novo
218 1213 421 1272 Testamenta
453 1212 644 1274 incubuerit.
667 1245 677 1258 -
698 1214 828 1274 Librum
849 1213 886 1273 de
915 1213 985 1273 iocis
1013 1213 1172 1274 Hebraicis
1196 1213 1250 1290 qui
1272 1221 1322 1277 est

100 1309 269 1386 explicatio
289 1309 500 1387 geographica
520 1311 657 1371 omnium
679 1311 856 1391 regionum,
879 1312 1005 1372 urbium
1026 1315 1058 1374 et
1078 1313 1216 1371 locorum
1247 1331 1322 1390 quo·

102 1424 172 1465 rum
193 1407 230 1465 fit
248 1407 365 1466 mentio
392 1408 425 1466 in
446 1408 485 1468 V.
518 1411 604 1478 Test.
627 1410 762 1472 Tandem
795 1409 946 1488 Opuscula
979 1407 1032 1469 14.
1066 1409 1201 1470 Eusebio
1230 1413 1320 1475 Caes.

99 1505 222 1563 tributa
242 1523 261 1564 a
281 1504 437 1581 plerisque
458 1507 608 1582 eruditis,
630 1509 721 1568 hodie
741 1509 839 1569 latine
860 1511 984 1568 tantum
1015 1513 1145 1569 exstant
1165 1514 1197 1571 et
1219 1519 1319 1590 agunt

97 1603 135 1664 ote
153 1603 216 1682 tide
239 1604 389 1663 adversus
411 1605 593 1680 sabellium,
609 1607 647 1668 ola
666 1609 887 1668 resurrectione
899 1615 928 1667 et
941 1608 1111 1668 mcenaone
1125 1610 1266 1684 Domini,
1283 1612 1320 1672 de

94 1703 285 1780 incorporali
305 1709 334 1762 et
351 1703 497 1762 invisibili
516 1705 587 1776 Deo,
610 1712 702 1782 atque
723 1705 759 1766 ote
779 1705 966 1783 incorporali
986 1706 1094 1765 anima
1114 1705 1318 1783 etspirituali

96 1803 237 1877 capitata
256 1803 398 1875 bominis,
420 1802 458 1862 de
477 1804 616 1881 operibus
637 1805 724 1864 bonis
737 1813 767 1866 et
779 1805 870 1864 malis
882 1807 941 1864 etc.
964 1805 1061 1864 Caute
1077 1805 1229 1881 legendus
1248 1826 1317 1866 cum

97 1902 131 1960 in
152 1900 251 1960 variis
273 1901 467 1960 locisvoces
488 1906 520 1961 et
541 1903 670 1979 phrases
693 1905 729 1962 de
750 1903 816 1962 tilio
830 1903 887 1963 Dei
907 1902 1009 1961 minus
1031 1906 1121 1979 aptas
1136 1907 1169 1962 et
1187 1904 1317 1964 Arianis

96 2001 258 2060 erroribus
289 1999 432 2060 faventes
468 2003 680 2078 usurpaverit.
713 2002 819 2061 Editio
850 2019 928 2076 quae
958 2000 1062 2060 omnia
1091 2001 1320 2078 complectatur

97 2117 192 2177 opera
212 2099 246 2157 in
268 2117 362 2158 unum
384 2099 516 2159 collecta
537 2099 637 2159 adhuc
658 2119 720 2159 non
740 2103 856 2160 exstat.

157 2201 264 2260 Iunius
284 2199 438 2260 Francicus
469 2200 644 2262 Mercurius
665 2197 710 2279 (f.
734 2217 761 2258 a.
782 2197 869 2277 336).
894 2197 1031 2275 Scripsit
1051 2198 1182 2258 Librum
1204 2197 1242 2258 cte
1265 2217 1317 2260 er-

99 2312 169 2355 rore
184 2299 396 2373 profanarum
415 2298 622 2374 Relipiouum.
652 2311 654 2318 ·

157 2395 188 2454 S.
208 2396 407 2458 Itusrnrmus
438 2397 492 2457 Er.
524 2397 605 2456 Aur.
637 2395 687 2477 (i
708 2415 737 2456 a.
756 2393 849 2475 360).
871 2396 919 2454 Ex
944 2394 1012 2456 eius
1034 2394 1167 2472 scriptis
1190 2396 1317 2476 integra
1366 2419 1368 2424 ·

95 2499 204 2557 exstat
223 2495 291 2554 sola
300 2496 489 2557 Dissertatio
510 2496 815 2574 delinpastrimptbo
829 2493 974 2555 adversus
987 2493 1156 2568 Cripinem.
1174 2495 1222 2553 Ex
1240 2497 1314 2556 aliis

96 2595 227 2673 scriptis
248 2595 373 2654 nonnisi
394 2611 493 2672 pauca
514 2595 705 2672 Fragmenta
728 2597 908 2672 supersunt.
933 2593 1072 2670 Scripsit
1085 2585 1189 2653 autem
1200 2594 1314 2655 Libros

95 2697 166 2754 octo
186 2700 296 2754 contra
315 2695 451 2754 Arianos
486 2727 500 2739 -
526 2694 706 2754 Tractatum
739 2711 793 2752 seu
828 2693 1007 2754 Orationem
1041 2691 1075 2750 in
1104 2691 1183 2750 illud
1212 2695 1317 2754 «Do-

95 2793 197 2852 minus
219 2792 343 2852 creavit
363 2811 410 2854 me
432 2793 465 2850 in
486 2791 579 2852 initio
589 2793 713 2852 viarum
736 2809 863 2852 suarum
882 2813 900 2849 u
921 2791 1031 2872 (Prov.
1052 2791 1081 2850 8.
1104 2787 1170 2870 22.)
1185 2791 1195 2849 i
1212 2811 1260 2851 em
1285 2795 1315 2853 in

93 2893 183 2952 illud:
209 2912 226 2946 e
247 2891 404 2951 comedite
424 2907 532 2968 panem
554 2908 655 2950 meum
675 2913 691 2947 »
713 2889 823 2972 (Prov.
846 2891 875 2951 9.
898 2887 956 2968 5.),
978 2889 1109 2948 Librum
1137 2889 1174 2950 de
1206 2892 1315 2951 anima

94 2991 234 3066 Denique
265 2989 386 3066 aliquot
414 2990 611 3050 Psalmorum
643 2989 866 3068 inscriptiones
898 2987 1083 3066 explanavit
1113 2991 1145 3046 et
1173 2988 1314 3048 Psalmos

96 3089 245 3163 quosdam
274 3089 501 3165 interpretatus
532 3090 592 3147 est.
624 3087 784 3164 Epistolac
814 3087 881 3148 eius
914 3103 1018 3146 omnes
1050 3085 1283 3147 interciderunt
1303 3121 1317 3132 -

100 3185 345 3245 Commentarius
363 3187 398 3244 in
418 3187 644 3258 Heutiemeron,
661 3185 728 3244 sive
743 3184 848 3262 potins
870 3184 1043 3244 Chronicus
1065 3183 1145 3242 liber
1159 3184 1313 3262 incipiens

98 3283 138 3342 ab
158 3284 400 3344 Hexaemeronis
417 3285 438 3342 i.
454 3305 481 3343 e.
504 3284 675 3344 creationis
691 3301 746 3344 sen
768 3283 877 3343 diebus
893 3285 1038 3362 peractae
1059 3283 1255 3360 expositione
1276 3301 1314 3343 ac

96 3381 167 3441 dein
181 3384 328 3458 usquead
342 3387 481 3460 tempora
491 3383 632 3442 Iudicum
649 3385 820 3460 perducens
836 3399 957 3442 sacram
967 3379 1147 3454 historiam,
1160 3379 1209 3440 illi
1226 3381 1316 3441 abiu-

94 3479 221 3539 dicatur
235 3481 273 3539 ab
287 3481 440 3540 Eruditis.
463 3481 599 3558 Scripsit
614 3485 774 3558 praeterea
795 3481 1018 3541 Allooutionem
1034 3479 1076 3539 ool
1088 3479 1312 3558 imperatorem

95 3579 324 3652 Constantium,
341 3597 419 3656 quae
441 3580 473 3638 in
494 3579 633 3640 Concilio
653 3580 792 3641 Nicaeno
813 3579 923 3640 habita
943 3578 1049 3638 fertur
1070 3579 1107 3638 ab
1129 3579 1313 3638 Eustathio.

154 3677 458 3740 S.lncosusN1s1e.
479 3677 515 3758 (†
537 3697 564 3738 a.
586 3667 645 3739 338
667 3679 718 3738 vel
744 3678 829 3758 350.)
858 3679 1019 3738 Feruntur
1040 3675 1130 3736 hodie
1149 3677 1313 3736 Tractatus
1407 3707 1410 3711 ·

95 3793 149 3834 seu
179 3777 340 3836 Sermones
369 3775 531 3837 octodecim
561 3777 615 3852 qui
636 3775 674 3835 ab
696 3779 827 3836 auctore
849 3777 957 3853 lingua
983 3775 1110 3852 syriaca
1141 3775 1191 3835 vel
1211 3793 1310 3835 arme-

96 3875 188 3934 niaca
209 3876 394 3952 conscripti,
417 3893 499 3934 nunc
520 3875 699 3934 armeniace
720 3878 843 3935 tantum
863 3877 1001 3936 exstant.

154 3973 185 4032 S.
208 3972 409 4036 Arnnnnsrus
424 3975 479 4034 Er.
495 3973 710 4036 Anninuniun.
733 3972 770 4054 (f.
787 3993 813 4034 a.
829 3971 911 4052 350).
928 3974 1027 4050 Opera
1042 3971 1109 4031 eius
1125 3975 1199 4032 sunt
1213 3971 1307 4034 Libri

90 4075 120 4134 2.
142 4077 253 4131 contra
275 4071 384 4132 Gentes
401 4105 416 4118 -
438 4073 597 4132 Orationes
610 4079 745 4148 quatuor
763 4078 873 4146 contro
885 4071 1022 4132 Arianos
1033 4101 1047 4116 -
1061 4071 1221 4146 Epistobse
1237 4089 1315 4148 qua-

93 4178 166 4229 tuor
185 4169 229 4229 ad
246 4169 447 4247 Serapionem
467 4203 481 4216 ·
501 4187 633 4248 quarum
648 4175 865 4249 argumentum
887 4175 936 4229 est
950 4187 1001 4228 eos
1018 4168 1159 4228 refutare
1174 4169 1228 4246 qui
1243 4187 1313 4248 per·

94 4286 199 4344 peram
220 4269 256 4327 de
277 4269 399 4346 Spiritu
421 4271 535 4330 Sancto
556 4270 742 4330 sentiebant.
764 4269 858 4330 Liber
868 4271 904 4328 de
914 4268 1133 4328 incarnatione
1153 4268 1242 4328 Verbi
1255 4269 1311 4328 Dei

92 4377 122 4428 et
141 4375 251 4428 contra
269 4371 404 4428 Arianos
422 4401 435 4414 -
455 4370 550 4430 Liber
570 4369 607 4430 de
631 4370 783 4428 Trinitate
804 4375 833 4427 ei
851 4369 975 4445 Spiritu
988 4366 1102 4427 Sancto
1115 4399 1130 4412 -
1146 4366 1236 4426 Libri
1249 4368 1311 4425 duo

91 4470 128 4528 de
149 4469 368 4529 iucarnatione
395 4476 504 4529 contra
530 4469 779 4548 Appoblinarium
803 4501 816 4512 ·
837 4465 978 4544 Epistola
998 4465 1041 4525 aot
1062 4465 1253 4542 Epictetum,
1277 4464 1308 4522 in

91 4586 155 4644 qua
176 4567 361 4630 confutatur
382 4569 562 4632 tricotomia
583 4587 636 4630 seu
656 4569 770 4630 divisio
791 4567 926 4628 hominis
949 4566 1103 4644 incorpus
1120 4564 1255 4627 animam
1278 4570 1311 4626 et
