<?xml version="1.0" encoding="UTF-8"?>
<!DOCTYPE html PUBLIC "-//W3C//DTD XHTML 1.0 Transitional//EN"
    "http://www.w3.org/TR/xhtml1/DTD/xhtml1-transitional.dtd">
<html xmlns="http://www.w3.org/1999/xhtml" xml:lang="en" lang="en">
 <head>
  <title>
</title>
<meta http-equiv="Content-Type" content="text/html;charset=utf-8" />
  <meta name='ocr-system' content='tesseract 3.04.00' />
  <meta name='ocr-capabilities' content='ocr_page ocr_carea ocr_par ocr_line ocrx_word'/>
</head>
<body>
  <div class='ocr_page' id='page_1' title='image "./enchiridionadsa00natgoog_0084.png"; bbox 0 0 3404 5360; ppageno 0'>
   <div class='ocr_carea' id='block_1_1' title="bbox 94 409 1458 792">
    <p class='ocr_par' dir='ltr' id='par_1_1' title="bbox 94 409 1458 792">
     <span class='ocr_line' id='line_1_1' title="bbox 94 409 1343 492; baseline 0.003 -18"><span class='ocrx_word' id='word_1_1' title='bbox 94 409 282 476; x_wconf 65' lang='lat' dir='ltr'>nicaenii</span> <span class='ocrx_word' id='word_1_2' title='bbox 304 411 365 476; x_wconf 78' lang='lat' dir='ltr'>l‘s.</span> <span class='ocrx_word' id='word_1_3' title='bbox 396 417 506 480; x_wconf 78' lang='lat' dir='ltr'>Iuotm</span> <span class='ocrx_word' id='word_1_4' title='bbox 522 411 724 478; x_wconf 58' lang='lat' dir='ltr'>&#39;ur&#39;llnoss</span> <span class='ocrx_word' id='word_1_5' title='bbox 747 411 969 478; x_wconf 76' lang='lat' dir='ltr'>Meditatione&#39;r</span> <span class='ocrx_word' id='word_1_6' title='bbox 995 413 1029 474; x_wconf 86' lang='lat' dir='ltr'>in</span> <span class='ocrx_word' id='word_1_7' title='bbox 1046 413 1174 492; x_wconf 80' lang='lat' dir='ltr'>&#39;septem</span> <span class='ocrx_word' id='word_1_8' title='bbox 1193 415 1343 478; x_wconf 60' lang='lat' dir='ltr'>fl‘solmos</span> 
     </span>
     <span class='ocr_line' id='line_1_2' title="bbox 102 491 1458 590; baseline 0.004 -19"><span class='ocrx_word' id='word_1_9' title='bbox 102 514 351 590; x_wconf 72' lang='lat' dir='ltr'>poenitentiales</span> <span class='ocrx_word' id='word_1_10' title='bbox 363 543 380 558; x_wconf 93' lang='lat'>-</span> <span class='ocrx_word' id='word_1_11' title='bbox 400 511 639 576; x_wconf 80' lang='lat' dir='ltr'>&#39;Meditationun</span> <span class='ocrx_word' id='word_1_12' title='bbox 651 515 687 573; x_wconf 89' lang='lat' dir='ltr'>in</span> <span class='ocrx_word' id='word_1_13' title='bbox 706 513 1068 586; x_wconf 72' lang='lat' dir='ltr'>canncnllsemrrclr,</span> <span class='ocrx_word' id='word_1_14' title='bbox 1081 513 1281 578; x_wconf 78' lang='lat' dir='ltr'>Brunorcros</span> <span class='ocrx_word' id='word_1_15' title='bbox 1303 531 1343 576; x_wconf 86' lang='lat' dir='ltr'>nr</span> <span class='ocrx_word' id='word_1_16' title='bbox 1451 491 1458 510; x_wconf 60' lang='lat'>⁵</span> 
     </span>
     <span class='ocr_line' id='line_1_3' title="bbox 104 611 1344 688; baseline 0 -16"><span class='ocrx_word' id='word_1_17' title='bbox 104 613 205 674; x_wconf 73' lang='lat' dir='ltr'>Nunc</span> <span class='ocrx_word' id='word_1_18' title='bbox 223 613 376 672; x_wconf 73' lang='lat' dir='ltr'>Dionnum</span> <span class='ocrx_word' id='word_1_19' title='bbox 397 641 415 658; x_wconf 88' lang='lat'><strong>·</strong></span> <span class='ocrx_word' id='word_1_20' title='bbox 436 611 673 688; x_wconf 78' lang='lat' dir='ltr'>Eupositionem</span> <span class='ocrx_word' id='word_1_21' title='bbox 691 613 726 672; x_wconf 86' lang='lat' dir='ltr'>in</span> <span class='ocrx_word' id='word_1_22' title='bbox 754 613 880 672; x_wconf 68' lang='lat' dir='ltr'>cannen</span> <span class='ocrx_word' id='word_1_23' title='bbox 903 611 1100 672; x_wconf 61' lang='lat' dir='ltr'>contactum</span> <span class='ocrx_word' id='word_1_24' title='bbox 1128 611 1303 673; x_wconf 78' lang='lat' dir='ltr'>Salomonis</span> <span class='ocrx_word' id='word_1_25' title='bbox 1322 644 1344 658; x_wconf 92' lang='lat'><em>-</em></span> 
     </span>
     <span class='ocr_line' id='line_1_4' title="bbox 106 707 1134 792; baseline 0.001 -23"><span class='ocrx_word' id='word_1_26' title='bbox 106 707 283 792; x_wconf 78' lang='lat' dir='ltr'>Dncdecc‘m</span> <span class='ocrx_word' id='word_1_27' title='bbox 302 709 433 770; x_wconf 79' lang='lat' dir='ltr'>honcms</span> <span class='ocrx_word' id='word_1_28' title='bbox 450 709 484 770; x_wconf 81' lang='lat' dir='ltr'>S.</span> <span class='ocrx_word' id='word_1_29' title='bbox 507 709 615 787; x_wconf 72' lang='lat' dir='ltr'>Ioseph</span> <span class='ocrx_word' id='word_1_30' title='bbox 634 710 748 789; x_wconf 69' lang='lat' dir='ltr'>sponsi</span> <span class='ocrx_word' id='word_1_31' title='bbox 771 709 920 786; x_wconf 75' lang='lat' dir='ltr'>Virpinn.</span> <span class='ocrx_word' id='word_1_32' title='bbox 1131 711 1134 716; x_wconf 87' lang='lat'>&#39;</span> 
     </span>
    </p>
   </div>
   <div class='ocr_carea' id='block_1_2' title="bbox 587 1027 867 1091">
    <p class='ocr_par' dir='ltr' id='par_1_2' title="bbox 587 1027 867 1091">
     <span class='ocr_line' id='line_1_5' title="bbox 587 1027 867 1091; baseline 0.007 -3"><span class='ocrx_word' id='word_1_33' title='bbox 587 1027 770 1091; x_wconf 80' lang='lat' dir='ltr'>SAECULO</span> <span class='ocrx_word' id='word_1_34' title='bbox 797 1027 867 1091; x_wconf 84' lang='lat' dir='ltr'>XV.</span> 
     </span>
    </p>
   </div>
   <div class='ocr_carea' id='block_1_3' title="bbox 102 1292 1343 2350">
    <p class='ocr_par' dir='ltr' id='par_1_3' title="bbox 102 1292 1342 1760">
     <span class='ocr_line' id='line_1_6' title="bbox 169 1292 1340 1376; baseline -0.003 -20"><span class='ocrx_word' id='word_1_35' title='bbox 169 1297 382 1360; x_wconf 75' lang='lat' dir='ltr'>Lucumone</span> <span class='ocrx_word' id='word_1_36' title='bbox 401 1313 441 1358; x_wconf 82' lang='lat' dir='ltr'>or</span> <span class='ocrx_word' id='word_1_37' title='bbox 461 1297 581 1360; x_wconf 77' lang='lat' dir='ltr'>Ruonis</span> <span class='ocrx_word' id='word_1_38' title='bbox 601 1297 679 1358; x_wconf 81' lang='lat' dir='ltr'>Ono.</span> <span class='ocrx_word' id='word_1_39' title='bbox 695 1295 775 1356; x_wconf 84' lang='lat' dir='ltr'>Mru.</span> <span class='ocrx_word' id='word_1_40' title='bbox 792 1292 944 1376; x_wconf 82' lang='lat'>(†1405).</span> <span class='ocrx_word' id='word_1_41' title='bbox 962 1293 1019 1356; x_wconf 85' lang='lat' dir='ltr'>Sui</span> <span class='ocrx_word' id='word_1_42' title='bbox 1038 1293 1160 1356; x_wconf 80' lang='lat' dir='ltr'>ordinis</span> <span class='ocrx_word' id='word_1_43' title='bbox 1182 1293 1340 1372; x_wconf 81' lang='lat' dir='ltr'>generalis</span> 
     </span>
     <span class='ocr_line' id='line_1_7' title="bbox 103 1391 1342 1471; baseline -0.002 -18"><span class='ocrx_word' id='word_1_44' title='bbox 103 1393 231 1453; x_wconf 79' lang='lat' dir='ltr'>electus</span> <span class='ocrx_word' id='word_1_45' title='bbox 253 1411 303 1454; x_wconf 81' lang='lat' dir='ltr'>nn.</span> <span class='ocrx_word' id='word_1_46' title='bbox 327 1393 417 1467; x_wconf 87' lang='grc'><strong>1373,</strong></span> <span class='ocrx_word' id='word_1_47' title='bbox 441 1392 615 1471; x_wconf 75' lang='lat' dir='ltr'><strong>Episcopus</strong></span> <span class='ocrx_word' id='word_1_48' title='bbox 638 1393 796 1454; x_wconf 78' lang='lat' dir='ltr'>Ostiensis</span> <span class='ocrx_word' id='word_1_49' title='bbox 817 1397 851 1453; x_wconf 90' lang='lat' dir='ltr'>et</span> <span class='ocrx_word' id='word_1_50' title='bbox 870 1391 1063 1455; x_wconf 77' lang='lat' dir='ltr'>velitrensis</span> <span class='ocrx_word' id='word_1_51' title='bbox 1091 1394 1219 1464; x_wconf 73' lang='lat' dir='ltr'>ereptus</span> <span class='ocrx_word' id='word_1_52' title='bbox 1244 1393 1342 1454; x_wconf 63' lang='grc' dir='ltr'><strong>(Βο-</strong></span> 
     </span>
     <span class='ocr_line' id='line_1_8' title="bbox 102 1488 1340 1569; baseline -0.002 -19"><span class='ocrx_word' id='word_1_53' title='bbox 102 1491 235 1550; x_wconf 86' lang='lat' dir='ltr'>nedicto</span> <span class='ocrx_word' id='word_1_54' title='bbox 255 1491 345 1552; x_wconf 90' lang='lat' dir='ltr'><em>XIlI.</em></span> <span class='ocrx_word' id='word_1_55' title='bbox 363 1491 496 1569; x_wconf 74' lang='lat' dir='ltr'>scripsit</span> <span class='ocrx_word' id='word_1_56' title='bbox 508 1491 542 1548; x_wconf 89' lang='lat' dir='ltr'>in</span> <span class='ocrx_word' id='word_1_57' title='bbox 558 1490 691 1550; x_wconf 83' lang='lat' dir='ltr'>Cantica</span> <span class='ocrx_word' id='word_1_58' title='bbox 707 1491 909 1550; x_wconf 83' lang='lat' dir='ltr'>Canticornm</span> <span class='ocrx_word' id='word_1_59' title='bbox 925 1488 992 1550; x_wconf 73' lang='lat'>140</span> <span class='ocrx_word' id='word_1_60' title='bbox 1010 1491 1125 1567; x_wconf 83' lang='lat' dir='ltr'>Capita</span> <span class='ocrx_word' id='word_1_61' title='bbox 1139 1521 1157 1535; x_wconf 93' lang='lat'>-</span> <span class='ocrx_word' id='word_1_62' title='bbox 1173 1489 1340 1549; x_wconf 78' lang='lat' dir='ltr'><strong><em>Summam</em></strong></span> 
     </span>
     <span class='ocr_line' id='line_1_9' title="bbox 107 1586 1342 1664; baseline 0.002 -18"><span class='ocrx_word' id='word_1_63' title='bbox 107 1587 297 1664; x_wconf 74' lang='lat' dir='ltr'>Theolopiae</span> <span class='ocrx_word' id='word_1_64' title='bbox 315 1588 448 1648; x_wconf 81' lang='lat' dir='ltr'>Moralis</span> <span class='ocrx_word' id='word_1_65' title='bbox 466 1619 487 1634; x_wconf 93' lang='lat'>-</span> <span class='ocrx_word' id='word_1_66' title='bbox 505 1587 543 1648; x_wconf 90' lang='lat' dir='ltr'>In</span> <span class='ocrx_word' id='word_1_67' title='bbox 564 1587 632 1648; x_wconf 83' lang='lat' dir='ltr'>Lib.</span> <span class='ocrx_word' id='word_1_68' title='bbox 657 1587 713 1646; x_wconf 91' lang='lat' dir='ltr'>IV.</span> <span class='ocrx_word' id='word_1_69' title='bbox 744 1587 981 1648; x_wconf 78' lang='lat' dir='ltr'>Sententiarum</span> <span class='ocrx_word' id='word_1_70' title='bbox 1013 1586 1147 1647; x_wconf 77' lang='lat' dir='ltr'>I&#39;llomae</span> <span class='ocrx_word' id='word_1_71' title='bbox 1174 1587 1342 1664; x_wconf 78' lang='lat' dir='ltr'>Aquinum</span> 
     </span>
     <span class='ocr_line' id='line_1_10' title="bbox 105 1687 468 1760; baseline -0.008 -15"><span class='ocrx_word' id='word_1_72' title='bbox 105 1687 283 1746; x_wconf 85' lang='lat' dir='ltr'>Comment.</span> <span class='ocrx_word' id='word_1_73' title='bbox 460 1751 468 1760; x_wconf 43' lang='grc'><strong>,</strong></span> 
     </span>
    </p>

    <p class='ocr_par' dir='ltr' id='par_1_4' title="bbox 103 1773 1343 2058">
     <span class='ocr_line' id='line_1_11' title="bbox 168 1773 1343 1863; baseline -0.002 -19"><span class='ocrx_word' id='word_1_74' title='bbox 168 1785 332 1847; x_wconf 75' lang='lat' dir='ltr'>Nrooosus</span> <span class='ocrx_word' id='word_1_75' title='bbox 352 1801 392 1844; x_wconf 80' lang='lat' dir='ltr'>on</span> <span class='ocrx_word' id='word_1_76' title='bbox 412 1785 591 1844; x_wconf 75' lang='lat' dir='ltr'>Cnmusrs</span> <span class='ocrx_word' id='word_1_77' title='bbox 619 1781 831 1863; x_wconf 85' lang='grc'><strong>(1400-1434).</strong></span> <span class='ocrx_word' id='word_1_78' title='bbox 866 1781 1016 1845; x_wconf 82' lang='lat' dir='ltr'>Gersonis</span> <span class='ocrx_word' id='word_1_79' title='bbox 1045 1773 1166 1842; x_wconf 82' lang='lat' dir='ltr'>amicus</span> <span class='ocrx_word' id='word_1_80' title='bbox 1197 1784 1230 1840; x_wconf 88' lang='lat' dir='ltr'>et</span> <span class='ocrx_word' id='word_1_81' title='bbox 1250 1782 1343 1842; x_wconf 84' lang='lat' dir='ltr'>Petri</span> 
     </span>
     <span class='ocr_line' id='line_1_12' title="bbox 103 1879 1342 1960; baseline -0.002 -18"><span class='ocrx_word' id='word_1_82' title='bbox 103 1883 302 1943; x_wconf 84' lang='lat' dir='ltr'>Alliacensis</span> <span class='ocrx_word' id='word_1_83' title='bbox 319 1883 510 1960; x_wconf 91' lang='lat' dir='ltr'>discipulus,</span> <span class='ocrx_word' id='word_1_84' title='bbox 526 1881 658 1958; x_wconf 81' lang='lat' dir='ltr'>scripsit</span> <span class='ocrx_word' id='word_1_85' title='bbox 672 1883 708 1941; x_wconf 89' lang='lat' dir='ltr'>de</span> <span class='ocrx_word' id='word_1_86' title='bbox 724 1881 831 1942; x_wconf 88' lang='lat' dir='ltr'>studio</span> <span class='ocrx_word' id='word_1_87' title='bbox 851 1881 1041 1958; x_wconf 83' lang='lat' dir='ltr'>theologico,</span> <span class='ocrx_word' id='word_1_88' title='bbox 1062 1879 1215 1956; x_wconf 79' lang='lat' dir='ltr'>epistolas</span> <span class='ocrx_word' id='word_1_89' title='bbox 1238 1880 1296 1940; x_wconf 85' lang='grc'>137</span> <span class='ocrx_word' id='word_1_90' title='bbox 1309 1884 1342 1940; x_wconf 89' lang='lat' dir='ltr'>et</span> 
     </span>
     <span class='ocr_line' id='line_1_13' title="bbox 103 1977 1133 2058; baseline -0.002 -20"><span class='ocrx_word' id='word_1_91' title='bbox 103 1980 262 2053; x_wconf 76' lang='lat' dir='ltr'>carmina,</span> <span class='ocrx_word' id='word_1_92' title='bbox 285 1980 417 2056; x_wconf 89' lang='lat' dir='ltr'>denique</span> <span class='ocrx_word' id='word_1_93' title='bbox 437 1997 515 2058; x_wconf 91' lang='lat' dir='ltr'>opus</span> <span class='ocrx_word' id='word_1_94' title='bbox 537 1995 632 2056; x_wconf 81' lang='lat' dir='ltr'>super</span> <span class='ocrx_word' id='word_1_95' title='bbox 652 1979 786 2038; x_wconf 82' lang='lat' dir='ltr'>motoria</span> <span class='ocrx_word' id='word_1_96' title='bbox 805 1978 941 2039; x_wconf 77' lang='lat' dir='ltr'>Consilii</span> <span class='ocrx_word' id='word_1_97' title='bbox 963 1977 1133 2055; x_wconf 78' lang='lat' dir='ltr'>generalis.</span> 
     </span>
    </p>

    <p class='ocr_par' dir='ltr' id='par_1_5' title="bbox 109 2073 1342 2350">
     <span class='ocr_line' id='line_1_14' title="bbox 172 2073 1342 2158; baseline -0.003 -20"><span class='ocrx_word' id='word_1_98' title='bbox 172 2079 305 2140; x_wconf 71' lang='lat' dir='ltr'>Trionis</span> <span class='ocrx_word' id='word_1_99' title='bbox 326 2080 518 2140; x_wconf 78' lang='lat' dir='ltr'>Wsnonusrs</span> <span class='ocrx_word' id='word_1_100' title='bbox 537 2076 584 2158; x_wconf 83' lang='lat' dir='ltr'>(fl.</span> <span class='ocrx_word' id='word_1_101' title='bbox 605 2095 656 2136; x_wconf 83' lang='lat' dir='ltr'>cn.</span> <span class='ocrx_word' id='word_1_102' title='bbox 676 2074 778 2155; x_wconf 86' lang='grc'><strong>1410.)</strong></span> <span class='ocrx_word' id='word_1_103' title='bbox 799 2076 942 2152; x_wconf 80' lang='lat' dir='ltr'>Reliquit</span> <span class='ocrx_word' id='word_1_104' title='bbox 955 2073 1119 2154; x_wconf 82' lang='lat' dir='ltr'>egregium</span> <span class='ocrx_word' id='word_1_105' title='bbox 1133 2091 1211 2152; x_wconf 81' lang='lat' dir='ltr'>opus</span> <span class='ocrx_word' id='word_1_106' title='bbox 1228 2075 1342 2134; x_wconf 88' lang='lat' dir='ltr'>inscri-</span> 
     </span>
     <span class='ocr_line' id='line_1_15' title="bbox 112 2167 1341 2254; baseline -0.002 -19"><span class='ocrx_word' id='word_1_107' title='bbox 112 2178 204 2251; x_wconf 88' lang='lat' dir='ltr'>ptum</span> <span class='ocrx_word' id='word_1_108' title='bbox 225 2176 404 2236; x_wconf 78' lang='lat' dir='ltr'>Doctrinale</span> <span class='ocrx_word' id='word_1_109' title='bbox 422 2175 497 2254; x_wconf 75' lang='lat' dir='ltr'>fidei</span> <span class='ocrx_word' id='word_1_110' title='bbox 517 2176 666 2250; x_wconf 82' lang='lat' dir='ltr'>antiquae</span> <span class='ocrx_word' id='word_1_111' title='bbox 686 2175 791 2234; x_wconf 82' lang='lat' dir='ltr'>tribus</span> <span class='ocrx_word' id='word_1_112' title='bbox 813 2173 906 2234; x_wconf 87' lang='lat' dir='ltr'>tomis</span> <span class='ocrx_word' id='word_1_113' title='bbox 937 2167 1156 2233; x_wconf 88' lang='lat' dir='ltr'>distributum.</span> <span class='ocrx_word' id='word_1_114' title='bbox 1181 2173 1218 2234; x_wconf 88' lang='lat' dir='ltr'>ln</span> <span class='ocrx_word' id='word_1_115' title='bbox 1239 2173 1341 2250; x_wconf 73' lang='lat' dir='ltr'>pslmo</span> 
     </span>
     <span class='ocr_line' id='line_1_16' title="bbox 109 2271 1339 2350; baseline -0.001 -18"><span class='ocrx_word' id='word_1_116' title='bbox 109 2277 198 2332; x_wconf 87' lang='lat' dir='ltr'>tomo</span> <span class='ocrx_word' id='word_1_117' title='bbox 221 2273 406 2350; x_wconf 80' lang='lat' dir='ltr'>disputetur</span> <span class='ocrx_word' id='word_1_118' title='bbox 426 2276 537 2333; x_wconf 85' lang='lat' dir='ltr'>contra</span> <span class='ocrx_word' id='word_1_119' title='bbox 557 2272 736 2332; x_wconf 86' lang='lat' dir='ltr'>haereticos</span> <span class='ocrx_word' id='word_1_120' title='bbox 758 2271 947 2333; x_wconf 87' lang='lat' dir='ltr'>Wicleffitas</span> <span class='ocrx_word' id='word_1_121' title='bbox 968 2275 1000 2331; x_wconf 91' lang='lat' dir='ltr'>ct</span> <span class='ocrx_word' id='word_1_122' title='bbox 1025 2271 1190 2343; x_wconf 86' lang='lat' dir='ltr'>Hussltas,</span> <span class='ocrx_word' id='word_1_123' title='bbox 1211 2271 1249 2330; x_wconf 90' lang='lat' dir='ltr'>de</span> <span class='ocrx_word' id='word_1_124' title='bbox 1263 2272 1339 2343; x_wconf 89' lang='lat' dir='ltr'>Deo,</span> 
     </span>
    </p>
   </div>
   <div class='ocr_carea' id='block_1_4' title="bbox 108 2369 1448 2447">
    <p class='ocr_par' dir='ltr' id='par_1_6' title="bbox 108 2369 1448 2447">
     <span class='ocr_line' id='line_1_17' title="bbox 108 2369 1448 2447; baseline -0.002 -16"><span class='ocrx_word' id='word_1_125' title='bbox 108 2372 146 2431; x_wconf 87' lang='lat' dir='ltr'>de</span> <span class='ocrx_word' id='word_1_126' title='bbox 169 2371 312 2444; x_wconf 80' lang='lat' dir='ltr'>Christo,</span> <span class='ocrx_word' id='word_1_127' title='bbox 335 2373 371 2430; x_wconf 93' lang='lat' dir='ltr'>de</span> <span class='ocrx_word' id='word_1_128' title='bbox 391 2373 501 2444; x_wconf 89' lang='lat' dir='ltr'>Petro,</span> <span class='ocrx_word' id='word_1_129' title='bbox 524 2371 560 2430; x_wconf 90' lang='lat' dir='ltr'>de</span> <span class='ocrx_word' id='word_1_130' title='bbox 579 2369 723 2430; x_wconf 76' lang='lat' dir='ltr'>Ecclesia</span> <span class='ocrx_word' id='word_1_131' title='bbox 742 2374 776 2430; x_wconf 93' lang='lat' dir='ltr'>et</span> <span class='ocrx_word' id='word_1_132' title='bbox 796 2371 832 2429; x_wconf 92' lang='lat' dir='ltr'>de</span> <span class='ocrx_word' id='word_1_133' title='bbox 846 2369 1033 2447; x_wconf 82' lang='lat' dir='ltr'>Religiosis3</span> <span class='ocrx_word' id='word_1_134' title='bbox 1057 2369 1089 2428; x_wconf 91' lang='lat' dir='ltr'>in</span> <span class='ocrx_word' id='word_1_135' title='bbox 1111 2369 1212 2429; x_wconf 85' lang='lat' dir='ltr'>altero</span> <span class='ocrx_word' id='word_1_136' title='bbox 1235 2369 1271 2428; x_wconf 90' lang='lat' dir='ltr'>de</span> <span class='ocrx_word' id='word_1_137' title='bbox 1287 2369 1341 2429; x_wconf 84' lang='lat' dir='ltr'>Se·</span> <span class='ocrx_word' id='word_1_138' title='bbox 1445 2439 1448 2447; x_wconf 47' lang='lat'>,</span> 
     </span>
    </p>
   </div>
   <div class='ocr_carea' id='block_1_5' title="bbox 106 2469 1342 3529">
    <p class='ocr_par' dir='ltr' id='par_1_7' title="bbox 112 2469 858 2546">
     <span class='ocr_line' id='line_1_18' title="bbox 112 2469 858 2546; baseline 0 -18"><span class='ocrx_word' id='word_1_139' title='bbox 112 2469 298 2546; x_wconf 80' lang='lat' dir='ltr'>crementis3</span> <span class='ocrx_word' id='word_1_140' title='bbox 320 2469 354 2528; x_wconf 91' lang='lat' dir='ltr'>in</span> <span class='ocrx_word' id='word_1_141' title='bbox 374 2469 472 2530; x_wconf 86' lang='lat' dir='ltr'>tertio</span> <span class='ocrx_word' id='word_1_142' title='bbox 493 2469 529 2528; x_wconf 90' lang='lat' dir='ltr'>de</span> <span class='ocrx_word' id='word_1_143' title='bbox 558 2469 858 2529; x_wconf 81' lang='lat' dir='ltr'>Sacramentolibus.</span> 
     </span>
    </p>

    <p class='ocr_par' dir='ltr' id='par_1_8' title="bbox 106 2563 1342 2838">
     <span class='ocr_line' id='line_1_19' title="bbox 170 2563 1342 2647; baseline -0.002 -20"><span class='ocrx_word' id='word_1_144' title='bbox 170 2569 379 2630; x_wconf 77' lang='lat' dir='ltr'>Hrnsorisuus</span> <span class='ocrx_word' id='word_1_145' title='bbox 397 2587 418 2628; x_wconf 75' lang='lat' dir='ltr'>n</span> <span class='ocrx_word' id='word_1_146' title='bbox 439 2569 472 2628; x_wconf 84' lang='lat' dir='ltr'>S.</span> <span class='ocrx_word' id='word_1_147' title='bbox 495 2568 589 2628; x_wconf 79' lang='lat' dir='ltr'>Fron.</span> <span class='ocrx_word' id='word_1_148' title='bbox 616 2564 665 2647; x_wconf 85' lang='lat' dir='ltr'>(fl.</span> <span class='ocrx_word' id='word_1_149' title='bbox 687 2585 715 2627; x_wconf 85' lang='lat' dir='ltr'>s.</span> <span class='ocrx_word' id='word_1_150' title='bbox 741 2563 831 2645; x_wconf 90' lang='grc'><strong>1410)</strong></span> <span class='ocrx_word' id='word_1_151' title='bbox 858 2565 997 2643; x_wconf 81' lang='lat' dir='ltr'>Scripsit</span> <span class='ocrx_word' id='word_1_152' title='bbox 1024 2568 1199 2626; x_wconf 75' lang='lat' dir='ltr'>tractatum</span> <span class='ocrx_word' id='word_1_153' title='bbox 1227 2563 1265 2625; x_wconf 86' lang='lat' dir='ltr'>de</span> <span class='ocrx_word' id='word_1_154' title='bbox 1293 2582 1342 2625; x_wconf 91' lang='lat' dir='ltr'>re-</span> 
     </span>
     <span class='ocr_line' id='line_1_20' title="bbox 106 2663 1342 2740; baseline 0 -16"><span class='ocrx_word' id='word_1_155' title='bbox 106 2663 254 2740; x_wconf 72' lang='lat' dir='ltr'>fellendis</span> <span class='ocrx_word' id='word_1_156' title='bbox 278 2664 470 2726; x_wconf 83' lang='lat' dir='ltr'>Indaeorum</span> <span class='ocrx_word' id='word_1_157' title='bbox 498 2666 675 2738; x_wconf 67' lang='lat' dir='ltr'>emeriten,</span> <span class='ocrx_word' id='word_1_158' title='bbox 706 2668 739 2724; x_wconf 88' lang='lat' dir='ltr'>ct</span> <span class='ocrx_word' id='word_1_159' title='bbox 767 2665 903 2724; x_wconf 83' lang='lat' dir='ltr'>alterum</span> <span class='ocrx_word' id='word_1_160' title='bbox 933 2666 1086 2724; x_wconf 84' lang='lat' dir='ltr'>adversus</span> <span class='ocrx_word' id='word_1_161' title='bbox 1122 2663 1342 2725; x_wconf 79' lang='lat' dir='ltr'>Thalmndicas</span> 
     </span>
     <span class='ocr_line' id='line_1_21' title="bbox 108 2762 304 2838; baseline 0.02 -18"><span class='ocrx_word' id='word_1_162' title='bbox 108 2762 304 2838; x_wconf 83' lang='lat' dir='ltr'>quisquilias.</span> 
     </span>
    </p>

    <p class='ocr_par' dir='ltr' id='par_1_9' title="bbox 106 2857 1340 3035">
     <span class='ocr_line' id='line_1_22' title="bbox 168 2857 1340 2940; baseline -0.001 -20"><span class='ocrx_word' id='word_1_163' title='bbox 168 2861 304 2933; x_wconf 74' lang='lat' dir='ltr'>insonus</span> <span class='ocrx_word' id='word_1_164' title='bbox 335 2862 523 2923; x_wconf 76' lang='lat' dir='ltr'>Tomrnuus</span> <span class='ocrx_word' id='word_1_165' title='bbox 553 2862 632 2924; x_wconf 79' lang='lat' dir='ltr'>Ono.</span> <span class='ocrx_word' id='word_1_166' title='bbox 656 2863 689 2920; x_wconf 85' lang='lat' dir='ltr'>S.</span> <span class='ocrx_word' id='word_1_167' title='bbox 709 2861 791 2923; x_wconf 83' lang='lat' dir='ltr'>Auo.</span> <span class='ocrx_word' id='word_1_168' title='bbox 814 2859 860 2940; x_wconf 89' lang='lat' dir='ltr'>(fl.</span> <span class='ocrx_word' id='word_1_169' title='bbox 884 2879 912 2919; x_wconf 86' lang='lat' dir='ltr'>a.</span> <span class='ocrx_word' id='word_1_170' title='bbox 937 2857 1030 2938; x_wconf 83' lang='lat'>1415)</span> <span class='ocrx_word' id='word_1_171' title='bbox 1062 2860 1156 2922; x_wconf 86' lang='lat' dir='ltr'>Dedit</span> <span class='ocrx_word' id='word_1_172' title='bbox 1188 2860 1340 2938; x_wconf 87' lang='lat' dir='ltr'>opuscul</span> 
     </span>
     <span class='ocr_line' id='line_1_23' title="bbox 106 2957 1290 3035; baseline 0.002 -19"><span class='ocrx_word' id='word_1_173' title='bbox 106 2957 226 3016; x_wconf 89' lang='lat' dir='ltr'>titulus</span> <span class='ocrx_word' id='word_1_174' title='bbox 239 2957 470 3034; x_wconf 66' lang='lat' dir='ltr'>Copholopinm</span> <span class='ocrx_word' id='word_1_175' title='bbox 491 2957 528 3018; x_wconf 88' lang='lat' dir='ltr'>cle</span> <span class='ocrx_word' id='word_1_176' title='bbox 547 2959 745 3034; x_wconf 82' lang='lat' dir='ltr'>inquisitione</span> <span class='ocrx_word' id='word_1_177' title='bbox 765 2958 890 3018; x_wconf 85' lang='lat' dir='ltr'>divinae</span> <span class='ocrx_word' id='word_1_178' title='bbox 916 2959 1098 3035; x_wconf 74' lang='lat' dir='ltr'>sapientiae·</span> <span class='ocrx_word' id='word_1_179' title='bbox 1162 2995 1163 2998; x_wconf 59' lang='lat'><em>=</em></span> <span class='ocrx_word' id='word_1_180' title='bbox 1286 2981 1290 2988; x_wconf 94' lang='lat'>·</span> 
     </span>
    </p>

    <p class='ocr_par' dir='ltr' id='par_1_10' title="bbox 106 3053 1341 3426">
     <span class='ocr_line' id='line_1_24' title="bbox 172 3053 1340 3136; baseline -0.001 -22"><span class='ocrx_word' id='word_1_181' title='bbox 172 3057 307 3116; x_wconf 78' lang='lat' dir='ltr'>Iosuuss</span> <span class='ocrx_word' id='word_1_182' title='bbox 329 3055 513 3119; x_wconf 71' lang='lat' dir='ltr'>Oromenus</span> <span class='ocrx_word' id='word_1_183' title='bbox 533 3056 610 3117; x_wconf 79' lang='lat' dir='ltr'>Ono.</span> <span class='ocrx_word' id='word_1_184' title='bbox 634 3057 696 3116; x_wconf 92' lang='grc' dir='ltr'>ΡΡ.</span> <span class='ocrx_word' id='word_1_185' title='bbox 720 3055 756 3136; x_wconf 66' lang='lat' dir='ltr'>(i</span> <span class='ocrx_word' id='word_1_186' title='bbox 779 3075 830 3114; x_wconf 82' lang='lat' dir='ltr'>nn.</span> <span class='ocrx_word' id='word_1_187' title='bbox 856 3053 947 3131; x_wconf 86' lang='grc'><strong>1415)</strong></span> <span class='ocrx_word' id='word_1_188' title='bbox 968 3057 1000 3114; x_wconf 87' lang='lat' dir='ltr'>S.</span> <span class='ocrx_word' id='word_1_189' title='bbox 1024 3055 1161 3114; x_wconf 85' lang='lat' dir='ltr'>Thomae</span> <span class='ocrx_word' id='word_1_190' title='bbox 1176 3055 1340 3114; x_wconf 83' lang='lat' dir='ltr'>doctrinae</span> 
     </span>
     <span class='ocr_line' id='line_1_25' title="bbox 107 3143 1341 3231; baseline -0.002 -19"><span class='ocrx_word' id='word_1_191' title='bbox 107 3151 255 3212; x_wconf 85' lang='lat' dir='ltr'>defensor</span> <span class='ocrx_word' id='word_1_192' title='bbox 275 3154 436 3231; x_wconf 85' lang='lat' dir='ltr'>egregius,</span> <span class='ocrx_word' id='word_1_193' title='bbox 451 3154 551 3213; x_wconf 88' lang='lat' dir='ltr'>edidit</span> <span class='ocrx_word' id='word_1_194' title='bbox 568 3143 802 3224; x_wconf 82' lang='lat' dir='ltr'>Commentario</span> <span class='ocrx_word' id='word_1_195' title='bbox 822 3155 855 3212; x_wconf 92' lang='lat' dir='ltr'>in</span> <span class='ocrx_word' id='word_1_196' title='bbox 877 3160 1014 3229; x_wconf 83' lang='lat' dir='ltr'>quatuor</span> <span class='ocrx_word' id='word_1_197' title='bbox 1033 3152 1142 3210; x_wconf 85' lang='lat' dir='ltr'>Libros</span> <span class='ocrx_word' id='word_1_198' title='bbox 1160 3153 1251 3227; x_wconf 79' lang='lat' dir='ltr'>Map.</span> <span class='ocrx_word' id='word_1_199' title='bbox 1265 3151 1341 3211; x_wconf 82' lang='lat' dir='ltr'>Sen-</span> 
     </span>
     <span class='ocr_line' id='line_1_26' title="bbox 107 3250 1341 3331; baseline 0.001 -23"><span class='ocrx_word' id='word_1_200' title='bbox 107 3258 185 3312; x_wconf 90' lang='lat' dir='ltr'>tent.</span> <span class='ocrx_word' id='word_1_201' title='bbox 207 3251 376 3328; x_wconf 86' lang='lat' dir='ltr'>inquibus</span> <span class='ocrx_word' id='word_1_202' title='bbox 403 3253 593 3328; x_wconf 80' lang='lat' dir='ltr'>Aquinatem</span> <span class='ocrx_word' id='word_1_203' title='bbox 622 3252 766 3313; x_wconf 83' lang='lat' dir='ltr'>vindicet</span> <span class='ocrx_word' id='word_1_204' title='bbox 794 3253 947 3331; x_wconf 80' lang='lat' dir='ltr'>adversus</span> <span class='ocrx_word' id='word_1_205' title='bbox 976 3251 1083 3310; x_wconf 86' lang='lat' dir='ltr'>loann.</span> <span class='ocrx_word' id='word_1_206' title='bbox 1115 3250 1256 3323; x_wconf 87' lang='lat' dir='ltr'>Scotum,</span> <span class='ocrx_word' id='word_1_207' title='bbox 1282 3252 1341 3310; x_wconf 91' lang='lat' dir='ltr'>Pe-</span> 
     </span>
     <span class='ocr_line' id='line_1_27' title="bbox 106 3348 1337 3426; baseline -0.001 -17"><span class='ocrx_word' id='word_1_208' title='bbox 106 3355 195 3409; x_wconf 90' lang='lat' dir='ltr'>trum</span> <span class='ocrx_word' id='word_1_209' title='bbox 215 3350 399 3423; x_wconf 87' lang='lat' dir='ltr'>Aureolum,</span> <span class='ocrx_word' id='word_1_210' title='bbox 420 3351 604 3412; x_wconf 85' lang='lat' dir='ltr'>Noroinales</span> <span class='ocrx_word' id='word_1_211' title='bbox 625 3351 766 3426; x_wconf 86' lang='lat' dir='ltr'>aliosque</span> <span class='ocrx_word' id='word_1_212' title='bbox 788 3350 875 3410; x_wconf 90' lang='lat' dir='ltr'>illius</span> <span class='ocrx_word' id='word_1_213' title='bbox 898 3349 1059 3411; x_wconf 84' lang='lat' dir='ltr'>doctriuae</span> <span class='ocrx_word' id='word_1_214' title='bbox 1088 3348 1337 3426; x_wconf 84' lang='lat' dir='ltr'>impugnatores.</span> 
     </span>
    </p>

    <p class='ocr_par' dir='ltr' id='par_1_11' title="bbox 170 3447 1341 3529">
     <span class='ocr_line' id='line_1_28' title="bbox 170 3447 1341 3529; baseline 0 -21"><span class='ocrx_word' id='word_1_215' title='bbox 170 3449 347 3508; x_wconf 85' lang='lat' dir='ltr'>Dourruoos</span> <span class='ocrx_word' id='word_1_216' title='bbox 368 3449 465 3510; x_wconf 69' lang='lat' dir='ltr'>Ceno.</span> <span class='ocrx_word' id='word_1_217' title='bbox 488 3449 674 3511; x_wconf 76' lang='lat' dir='ltr'>Inoonnmus</span> <span class='ocrx_word' id='word_1_218' title='bbox 694 3449 741 3529; x_wconf 87' lang='lat' dir='ltr'>(fi.</span> <span class='ocrx_word' id='word_1_219' title='bbox 763 3468 814 3508; x_wconf 84' lang='lat' dir='ltr'>an.</span> <span class='ocrx_word' id='word_1_220' title='bbox 840 3447 931 3527; x_wconf 91' lang='grc'><strong>1417)</strong></span> <span class='ocrx_word' id='word_1_221' title='bbox 952 3450 1053 3525; x_wconf 84' lang='lat' dir='ltr'>Opera</span> <span class='ocrx_word' id='word_1_222' title='bbox 1074 3449 1141 3508; x_wconf 90' lang='lat' dir='ltr'>eius</span> <span class='ocrx_word' id='word_1_223' title='bbox 1164 3452 1239 3508; x_wconf 87' lang='lat' dir='ltr'>sunt</span> <span class='ocrx_word' id='word_1_224' title='bbox 1264 3449 1341 3508; x_wconf 80' lang='lat' dir='ltr'>Tra-</span> 
     </span>
    </p>
   </div>
   <div class='ocr_carea' id='block_1_6' title="bbox 107 3546 1458 3624">
    <p class='ocr_par' dir='ltr' id='par_1_12' title="bbox 107 3546 1458 3624">
     <span class='ocr_line' id='line_1_29' title="bbox 107 3546 1458 3624; baseline 0 -18"><span class='ocrx_word' id='word_1_225' title='bbox 107 3553 213 3606; x_wconf 86' lang='lat' dir='ltr'>ctatns</span> <span class='ocrx_word' id='word_1_226' title='bbox 235 3546 273 3606; x_wconf 86' lang='lat' dir='ltr'>cle</span> <span class='ocrx_word' id='word_1_227' title='bbox 296 3547 430 3606; x_wconf 81' lang='lat' dir='ltr'>Concilio</span> <span class='ocrx_word' id='word_1_228' title='bbox 450 3577 471 3591; x_wconf 95' lang='lat'><em>-</em></span> <span class='ocrx_word' id='word_1_229' title='bbox 491 3547 529 3608; x_wconf 80' lang='lat' dir='ltr'>de</span> <span class='ocrx_word' id='word_1_230' title='bbox 550 3548 611 3607; x_wconf 87' lang='lat' dir='ltr'>loco</span> <span class='ocrx_word' id='word_1_231' title='bbox 635 3549 764 3608; x_wconf 85' lang='lat' dir='ltr'>Concilii</span> <span class='ocrx_word' id='word_1_232' title='bbox 785 3580 802 3594; x_wconf 90' lang='lat'><em>-</em></span> <span class='ocrx_word' id='word_1_233' title='bbox 823 3547 866 3608; x_wconf 84' lang='lat' dir='ltr'>ad</span> <span class='ocrx_word' id='word_1_234' title='bbox 887 3565 977 3623; x_wconf 84' lang='lat' dir='ltr'>pnem</span> <span class='ocrx_word' id='word_1_235' title='bbox 1006 3553 1124 3624; x_wconf 87' lang='lat' dir='ltr'>spectat</span> <span class='ocrx_word' id='word_1_236' title='bbox 1148 3563 1340 3621; x_wconf 77' lang='lat' dir='ltr'>conprepare</span> <span class='ocrx_word' id='word_1_237' title='bbox 1456 3614 1458 3619; x_wconf 47' lang='grc'><strong>,</strong></span> 
     </span>
    </p>
   </div>
   <div class='ocr_carea' id='block_1_7' title="bbox 107 3645 1344 4410">
    <p class='ocr_par' dir='ltr' id='par_1_13' title="bbox 107 3645 1342 4216">
     <span class='ocr_line' id='line_1_30' title="bbox 110 3645 1341 3722; baseline -0.002 -19"><span class='ocrx_word' id='word_1_238' title='bbox 110 3645 285 3705; x_wconf 85' lang='lat' dir='ltr'>Concilium</span> <span class='ocrx_word' id='word_1_239' title='bbox 307 3677 323 3690; x_wconf 92' lang='lat'><em>-</em></span> <span class='ocrx_word' id='word_1_240' title='bbox 354 3645 478 3720; x_wconf 82' lang='lat' dir='ltr'>qnando</span> <span class='ocrx_word' id='word_1_241' title='bbox 506 3646 546 3703; x_wconf 89' lang='lat' dir='ltr'>sit</span> <span class='ocrx_word' id='word_1_242' title='bbox 574 3646 830 3722; x_wconf 79' lang='lat' dir='ltr'>conprepandnm</span> <span class='ocrx_word' id='word_1_243' title='bbox 860 3647 1031 3704; x_wconf 82' lang='lat' dir='ltr'>Concilium</span> <span class='ocrx_word' id='word_1_244' title='bbox 1054 3677 1071 3690; x_wconf 90' lang='lat'><em>-</em></span> <span class='ocrx_word' id='word_1_245' title='bbox 1096 3646 1205 3709; x_wconf 81' lang='lat' dir='ltr'>Quales</span> <span class='ocrx_word' id='word_1_246' title='bbox 1232 3645 1341 3706; x_wconf 85' lang='lat' dir='ltr'>debent</span> 
     </span>
     <span class='ocr_line' id='line_1_31' title="bbox 109 3743 1341 3823; baseline -0.001 -21"><span class='ocrx_word' id='word_1_247' title='bbox 109 3761 169 3812; x_wconf 87' lang='lat' dir='ltr'>esse</span> <span class='ocrx_word' id='word_1_248' title='bbox 188 3745 379 3823; x_wconf 74' lang='lat' dir='ltr'>interfuturi</span> <span class='ocrx_word' id='word_1_249' title='bbox 400 3743 535 3802; x_wconf 82' lang='lat' dir='ltr'>Concilio</span> <span class='ocrx_word' id='word_1_250' title='bbox 557 3773 574 3787; x_wconf 92' lang='lat'>-</span> <span class='ocrx_word' id='word_1_251' title='bbox 596 3745 647 3804; x_wconf 85' lang='lat' dir='ltr'>An</span> <span class='ocrx_word' id='word_1_252' title='bbox 675 3745 770 3821; x_wconf 87' lang='lat' dir='ltr'>Papa</span> <span class='ocrx_word' id='word_1_253' title='bbox 790 3746 903 3804; x_wconf 80' lang='lat' dir='ltr'>habeat</span> <span class='ocrx_word' id='word_1_254' title='bbox 917 3745 1136 3802; x_wconf 87' lang='lat' dir='ltr'>auctoritatem</span> <span class='ocrx_word' id='word_1_255' title='bbox 1155 3762 1176 3802; x_wconf 92' lang='lat' dir='ltr'>a</span> <span class='ocrx_word' id='word_1_256' title='bbox 1198 3743 1341 3802; x_wconf 84' lang='lat' dir='ltr'>Conciliis</span> 
     </span>
     <span class='ocr_line' id='line_1_32' title="bbox 107 3841 1341 3920; baseline -0.002 -18"><span class='ocrx_word' id='word_1_257' title='bbox 107 3843 315 3920; x_wconf 74' lang='lat' dir='ltr'>pennalibus,</span> <span class='ocrx_word' id='word_1_258' title='bbox 338 3849 367 3901; x_wconf 90' lang='lat' dir='ltr'>et</span> <span class='ocrx_word' id='word_1_259' title='bbox 388 3859 431 3900; x_wconf 89' lang='lat' dir='ltr'>an</span> <span class='ocrx_word' id='word_1_260' title='bbox 453 3841 625 3900; x_wconf 85' lang='lat' dir='ltr'>Concilium</span> <span class='ocrx_word' id='word_1_261' title='bbox 641 3844 739 3918; x_wconf 87' lang='lat' dir='ltr'>possit</span> <span class='ocrx_word' id='word_1_262' title='bbox 768 3844 957 3917; x_wconf 81' lang='lat' dir='ltr'>restrinpere</span> <span class='ocrx_word' id='word_1_263' title='bbox 984 3843 1204 3902; x_wconf 87' lang='lat' dir='ltr'>anctoritatem</span> <span class='ocrx_word' id='word_1_264' title='bbox 1231 3842 1341 3920; x_wconf 88' lang='lat' dir='ltr'>Papae</span> 
     </span>
     <span class='ocr_line' id='line_1_33' title="bbox 108 3939 1342 4018; baseline -0.002 -18"><span class='ocrx_word' id='word_1_265' title='bbox 108 3969 126 3985; x_wconf 93' lang='lat'>·</span> <span class='ocrx_word' id='word_1_266' title='bbox 147 3941 199 4000; x_wconf 86' lang='lat' dir='ltr'>An</span> <span class='ocrx_word' id='word_1_267' title='bbox 223 3939 418 4013; x_wconf 73' lang='lat' dir='ltr'>cardinales,</span> <span class='ocrx_word' id='word_1_268' title='bbox 441 3941 495 4017; x_wconf 87' lang='lat' dir='ltr'>pui</span> <span class='ocrx_word' id='word_1_269' title='bbox 516 3939 717 3998; x_wconf 73' lang='lat' dir='ltr'>discesserunt</span> <span class='ocrx_word' id='word_1_270' title='bbox 738 3959 759 4000; x_wconf 90' lang='lat' dir='ltr'>a</span> <span class='ocrx_word' id='word_1_271' title='bbox 779 3942 873 4016; x_wconf 88' lang='lat' dir='ltr'>Papa</span> <span class='ocrx_word' id='word_1_272' title='bbox 889 3941 1009 4017; x_wconf 80' lang='lat' dir='ltr'>possint</span> <span class='ocrx_word' id='word_1_273' title='bbox 1030 3959 1211 4018; x_wconf 75' lang='lat' dir='ltr'>apprepare</span> <span class='ocrx_word' id='word_1_274' title='bbox 1234 3943 1342 4002; x_wconf 86' lang='lat' dir='ltr'>Conci-</span> 
     </span>
     <span class='ocr_line' id='line_1_34' title="bbox 109 4037 1340 4124; baseline 0.003 -30"><span class='ocrx_word' id='word_1_275' title='bbox 109 4037 187 4096; x_wconf 86' lang='lat' dir='ltr'>lium</span> <span class='ocrx_word' id='word_1_276' title='bbox 204 4069 225 4083; x_wconf 85' lang='lat'><strong>·</strong></span> <span class='ocrx_word' id='word_1_277' title='bbox 246 4041 297 4096; x_wconf 89' lang='lat' dir='ltr'>An</span> <span class='ocrx_word' id='word_1_278' title='bbox 320 4039 419 4124; x_wconf 56' lang='lat' dir='ltr'>Papav</span> <span class='ocrx_word' id='word_1_279' title='bbox 431 4039 526 4118; x_wconf 83' lang='lat' dir='ltr'>possit</span> <span class='ocrx_word' id='word_1_280' title='bbox 556 4039 696 4098; x_wconf 87' lang='lat' dir='ltr'>accusari</span> <span class='ocrx_word' id='word_1_281' title='bbox 726 4040 763 4098; x_wconf 87' lang='lat' dir='ltr'>cle</span> <span class='ocrx_word' id='word_1_282' title='bbox 795 4041 913 4101; x_wconf 78' lang='lat' dir='ltr'>haeresi</span> <span class='ocrx_word' id='word_1_283' title='bbox 934 4071 951 4084; x_wconf 97' lang='lat'>-</span> <span class='ocrx_word' id='word_1_284' title='bbox 972 4042 1027 4100; x_wconf 79' lang='lat' dir='ltr'>Eu</span> <span class='ocrx_word' id='word_1_285' title='bbox 1053 4042 1162 4117; x_wconf 81' lang='lat' dir='ltr'>quibus</span> <span class='ocrx_word' id='word_1_286' title='bbox 1186 4043 1285 4103; x_wconf 81' lang='lat' dir='ltr'>causis</span> <span class='ocrx_word' id='word_1_287' title='bbox 1311 4047 1340 4100; x_wconf 85' lang='lat' dir='ltr'>et</span> 
     </span>
     <span class='ocr_line' id='line_1_35' title="bbox 109 4135 1337 4216; baseline 0.002 -22"><span class='ocrx_word' id='word_1_288' title='bbox 109 4135 261 4212; x_wconf 81' lang='lat' dir='ltr'>quomodo</span> <span class='ocrx_word' id='word_1_289' title='bbox 278 4137 376 4211; x_wconf 86' lang='lat' dir='ltr'>possit</span> <span class='ocrx_word' id='word_1_290' title='bbox 395 4137 488 4212; x_wconf 87' lang='lat' dir='ltr'>Papa</span> <span class='ocrx_word' id='word_1_291' title='bbox 508 4135 620 4213; x_wconf 81' lang='lat' dir='ltr'>deponi</span> <span class='ocrx_word' id='word_1_292' title='bbox 634 4165 651 4180; x_wconf 87' lang='lat'>··</span> <span class='ocrx_word' id='word_1_293' title='bbox 664 4138 708 4196; x_wconf 89' lang='lat' dir='ltr'>De</span> <span class='ocrx_word' id='word_1_294' title='bbox 727 4139 935 4214; x_wconf 81' lang='lat' dir='ltr'>appellatione</span> <span class='ocrx_word' id='word_1_295' title='bbox 957 4157 978 4199; x_wconf 89' lang='lat' dir='ltr'>a</span> <span class='ocrx_word' id='word_1_296' title='bbox 991 4140 1086 4216; x_wconf 85' lang='lat' dir='ltr'>Papa</span> <span class='ocrx_word' id='word_1_297' title='bbox 1097 4139 1140 4198; x_wconf 82' lang='lat' dir='ltr'>ud</span> <span class='ocrx_word' id='word_1_298' title='bbox 1156 4135 1337 4199; x_wconf 81' lang='lat' dir='ltr'>Concilium.</span> 
     </span>
    </p>

    <p class='ocr_par' dir='ltr' id='par_1_14' title="bbox 109 4233 1344 4410">
     <span class='ocr_line' id='line_1_36' title="bbox 171 4233 1340 4314; baseline 0.001 -22"><span class='ocrx_word' id='word_1_299' title='bbox 171 4235 393 4310; x_wconf 71' lang='lat' dir='ltr'>Tuuoooiuuus</span> <span class='ocrx_word' id='word_1_300' title='bbox 415 4251 453 4294; x_wconf 79' lang='lat' dir='ltr'>on</span> <span class='ocrx_word' id='word_1_301' title='bbox 473 4235 560 4296; x_wconf 79' lang='lat' dir='ltr'>Nlnu</span> <span class='ocrx_word' id='word_1_302' title='bbox 579 4233 613 4314; x_wconf 65' lang='lat'>(³5</span> <span class='ocrx_word' id='word_1_303' title='bbox 634 4251 685 4292; x_wconf 85' lang='lat' dir='ltr'>an.</span> <span class='ocrx_word' id='word_1_304' title='bbox 711 4233 803 4314; x_wconf 92' lang='grc'><strong>1417)</strong></span> <span class='ocrx_word' id='word_1_305' title='bbox 824 4237 932 4296; x_wconf 85' lang='lat' dir='ltr'>Edidit</span> <span class='ocrx_word' id='word_1_306' title='bbox 955 4255 1033 4314; x_wconf 89' lang='lat' dir='ltr'>opus</span> <span class='ocrx_word' id='word_1_307' title='bbox 1055 4236 1093 4298; x_wconf 84' lang='lat' dir='ltr'>de</span> <span class='ocrx_word' id='word_1_308' title='bbox 1113 4237 1273 4296; x_wconf 82' lang='lat' dir='ltr'>schismate</span> <span class='ocrx_word' id='word_1_309' title='bbox 1293 4235 1340 4294; x_wconf 91' lang='lat' dir='ltr'>in-</span> 
     </span>
     <span class='ocr_line' id='line_1_37' title="bbox 109 4330 1344 4410; baseline -0.002 -18"><span class='ocrx_word' id='word_1_310' title='bbox 109 4335 160 4392; x_wconf 85' lang='lat' dir='ltr'>ter</span> <span class='ocrx_word' id='word_1_311' title='bbox 181 4330 343 4391; x_wconf 80' lang='lat' dir='ltr'>Urbanum</span> <span class='ocrx_word' id='word_1_312' title='bbox 364 4333 419 4392; x_wconf 86' lang='lat' dir='ltr'>VI.</span> <span class='ocrx_word' id='word_1_313' title='bbox 441 4335 475 4390; x_wconf 89' lang='lat' dir='ltr'>et</span> <span class='ocrx_word' id='word_1_314' title='bbox 495 4330 686 4392; x_wconf 87' lang='lat' dir='ltr'>Clementem</span> <span class='ocrx_word' id='word_1_315' title='bbox 707 4333 896 4410; x_wconf 82' lang='lat' dir='ltr'>Antipapom</span> <span class='ocrx_word' id='word_1_316' title='bbox 919 4365 936 4379; x_wconf 97' lang='lat'>-</span> <span class='ocrx_word' id='word_1_317' title='bbox 963 4335 1067 4394; x_wconf 88' lang='lat' dir='ltr'>Vitam</span> <span class='ocrx_word' id='word_1_318' title='bbox 1081 4334 1207 4394; x_wconf 86' lang='lat' dir='ltr'>Ioannis</span> <span class='ocrx_word' id='word_1_319' title='bbox 1231 4330 1344 4390; x_wconf 88' lang='lat' dir='ltr'><em>XXIII</em></span> 
     </span>
    </p>
   </div>
   <div class='ocr_carea' id='block_1_8' title="bbox 107 4428 1441 4509">
    <p class='ocr_par' dir='ltr' id='par_1_15' title="bbox 107 4428 1441 4509">
     <span class='ocr_line' id='line_1_38' title="bbox 107 4428 1441 4509; baseline 0.004 -27"><span class='ocrx_word' id='word_1_320' title='bbox 107 4462 128 4482; x_wconf 91' lang='lat'>.-</span> <span class='ocrx_word' id='word_1_321' title='bbox 150 4429 325 4503; x_wconf 79' lang='lat' dir='ltr'>Prioilepia</span> <span class='ocrx_word' id='word_1_322' title='bbox 346 4435 375 4488; x_wconf 91' lang='lat' dir='ltr'>et</span> <span class='ocrx_word' id='word_1_323' title='bbox 395 4428 473 4488; x_wconf 86' lang='lat' dir='ltr'>Iura</span> <span class='ocrx_word' id='word_1_324' title='bbox 491 4429 620 4506; x_wconf 88' lang='lat' dir='ltr'>Imperii</span> <span class='ocrx_word' id='word_1_325' title='bbox 639 4430 724 4489; x_wconf 88' lang='lat' dir='ltr'>circa</span> <span class='ocrx_word' id='word_1_326' title='bbox 744 4431 944 4490; x_wconf 79' lang='lat' dir='ltr'>investituras</span> <span class='ocrx_word' id='word_1_327' title='bbox 963 4433 1209 4509; x_wconf 84' lang='lat' dir='ltr'>Episcopatnnm</span> <span class='ocrx_word' id='word_1_328' title='bbox 1230 4437 1259 4489; x_wconf 88' lang='lat' dir='ltr'>et</span> <span class='ocrx_word' id='word_1_329' title='bbox 1278 4430 1339 4490; x_wconf 84' lang='lat' dir='ltr'>Ab·</span> <span class='ocrx_word' id='word_1_330' title='bbox 1436 4499 1441 4504; x_wconf 43' lang='grc'>,</span> 
     </span>
    </p>
   </div>
   <div class='ocr_carea' id='block_1_9' title="bbox 110 4526 1339 4606">
    <p class='ocr_par' dir='ltr' id='par_1_16' title="bbox 110 4526 1339 4606">
     <span class='ocr_line' id='line_1_39' title="bbox 110 4526 1339 4606; baseline 0.002 -22"><span class='ocrx_word' id='word_1_331' title='bbox 110 4527 269 4596; x_wconf 81' lang='lat' dir='ltr'>latiorum</span> <span class='ocrx_word' id='word_1_332' title='bbox 298 4526 444 4586; x_wconf 85' lang='lat' dir='ltr'>restituta</span> <span class='ocrx_word' id='word_1_333' title='bbox 463 4545 485 4587; x_wconf 89' lang='lat' dir='ltr'>o</span> <span class='ocrx_word' id='word_1_334' title='bbox 504 4528 603 4606; x_wconf 83' lang='lat' dir='ltr'>Papis</span> <span class='ocrx_word' id='word_1_335' title='bbox 630 4528 889 4606; x_wconf 74' lang='lat' dir='ltr'>Imperatoribus,</span> <span class='ocrx_word' id='word_1_336' title='bbox 903 4531 1054 4592; x_wconf 79' lang='lat' dir='ltr'>Romanis</span> <span class='ocrx_word' id='word_1_337' title='bbox 1074 4560 1090 4573; x_wconf 95' lang='lat'>-</span> <span class='ocrx_word' id='word_1_338' title='bbox 1106 4530 1273 4605; x_wconf 80' lang='lat' dir='ltr'>Encerpta</span> <span class='ocrx_word' id='word_1_339' title='bbox 1301 4528 1339 4587; x_wconf 86' lang='lat' dir='ltr'>ele</span> 
     </span>
    </p>
   </div>
   <div class='ocr_carea' id='block_1_10' title="bbox 0 0 1706 5360">
    <p class='ocr_par' dir='ltr' id='par_1_17' title="bbox 0 0 1706 5360">
     <span class='ocr_line' id='line_1_40' title="bbox 0 0 1706 5360; baseline 0 0"><span class='ocrx_word' id='word_1_340' title='bbox 0 0 1706 5360; x_wconf 95' lang='lat' dir='ltr'> </span> 
     </span>
    </p>
   </div>
  </div>
 </body>
</html>
