3444 5358
426 393 627 453 Bannnsuuss
647 389 689 471 (a.
714 387 793 470 174).
816 393 939 468 Lapsus
960 392 1063 451 estin
1083 391 1251 454 Valentini
1273 392 1442 452 haeresim.

427 490 629 551 Lnrrmsuus
649 506 775 553 Auaron
795 491 936 550 Mamers.
957 489 1000 570 (a.
1025 488 1106 569 175).
1130 490 1199 550 Duo
1220 491 1349 552 admisit
1373 507 1482 550 rerum
1508 489 1590 568 prin-

367 586 450 665 cipia
471 601 629 663 suprema,
651 605 747 648 unum
768 587 895 659 bonum,
917 588 1033 648 malum
1054 589 1202 648 alterum.

427 686 638 746 Hnnuoenuns
657 684 698 765 (a.
723 682 804 764 176).
825 686 917 745 illius
938 703 1029 745 error
1048 686 1235 763 praecipuus
1248 686 1322 759 fuit,
1340 685 1507 745 materiam
1523 701 1590 744 esse

367 783 431 843 Deo
452 785 659 842 coaeternam.

424 878 580 940 Muneosu
601 877 644 959 (a.
669 879 750 960 180).
773 881 801 940 A
831 881 940 944 Marco
970 883 1102 957 quodam
1135 882 1382 960 praestigiatore
1406 885 1440 942 et
1462 897 1591 958 mageo

364 976 528 1038 Valentini
549 977 657 1038 schola
676 977 819 1056 profecto
849 980 1035 1056 nuncupati,
1069 984 1231 1058 negarunt
1252 980 1358 1040 carnis
1379 980 1592 1062 resurrectio-

365 1079 489 1134 namet
517 1075 680 1135 Christum
713 1095 774 1136 non
805 1095 890 1152 vere,
925 1079 977 1136 sed
1007 1078 1151 1154 putative
1182 1096 1309 1156 passum
1337 1077 1500 1136 dixerunt.
1525 1078 1592 1137 Duo
1694 1137 1695 1146 ,

364 1191 485 1250 quoque
506 1173 626 1251 opinati
648 1178 723 1234 sunt
743 1193 782 1234 ex
804 1177 938 1235 adverso
959 1175 1020 1234 sibi
1042 1193 1110 1236 esse
1138 1177 1307 1254 principia,
1329 1179 1362 1234 et
1376 1175 1501 1250 aliquid
1528 1175 1592 1234 tale

364 1269 460 1330 etiam
481 1271 542 1348 ipsi
565 1273 601 1330 de
620 1271 792 1345 Aeonibus,
815 1272 900 1332 siout
919 1273 1108 1333 Valentinus
1130 1273 1349 1334 affirmarunt.

424 1369 585 1430 Fnoaruus
605 1387 644 1430 nr
666 1372 808 1432 ansrus
827 1370 870 1450 (a.
893 1369 972 1449 182).
996 1372 1145 1431 Florinus
1175 1371 1283 1430 docuit
1311 1371 1411 1430 Deum
1439 1387 1512 1430 esse
1541 1387 1594 1428 au-

366 1470 485 1525 ctorem
515 1468 647 1544 peccati.
679 1467 810 1530 Blastus
839 1471 901 1528 dux
931 1469 1283 1535 Quartodecimanorum
1315 1467 1439 1540 docuit5
1467 1467 1594 1527 Pascha

366 1563 950 1626 celebrandumessemoreludaeorum
972 1568 1047 1626 luna
1067 1566 1187 1626 decima
1200 1571 1315 1642 quarte
1324 1567 1440 1625 mensis
1456 1566 1554 1644 primi
1569 1565 1590 1622 ¹.

424 1661 580 1725 Anrnuou
600 1663 642 1744 (a.
667 1663 747 1744 193).
772 1665 903 1724 Eosdem
923 1683 962 1724 ac
984 1665 1162 1724 Theodotus
1185 1664 1346 1725 coriarius
1377 1682 1507 1724 errores
1528 1669 1593 1724 tra-

363 1760 443 1820 didit
464 1781 638 1840 nomenque
659 1781 695 1823 ac
716 1762 871 1840 originem
894 1763 980 1822 dedit
999 1761 1222 1834 Artemonitis‚
1245 1768 1404 1822 caeterum
1425 1761 1541 1839 paucis
1562 1765 1593 1821 et

362 1877 435 1919 mox
456 1860 494 1919 ab
516 1861 589 1921 aliis
612 1860 761 1922 sectariis
783 1861 952 1938 absorptis.

423 1959 548 2020 'l'unon⁸
579 1957 750 2021 Oonmmus
779 1977 819 2020 ar
850 1959 1015 2040 Anoe1(s.
1041 1957 1122 2038 192).
1152 1958 1312 2019 Dixerunt
1340 1959 1508 2020 Christum
1531 1976 1592 2018 non

360 2073 430 2116 esse
452 2060 615 2116 aeternnm
636 2057 776 2117 Verbum
797 2056 867 2130 Dei,
892 2059 944 2116 scd
967 2075 1080 2134 purum
1101 2057 1269 2130 hominem,
1293 2057 1382 2116 modo
1410 2061 1518 2116 tamen
1541 2074 1591 2114 su·

362 2155 558 2232 pernaturali
589 2159 787 2232 conceptum,
809 2158 842 2214 et
863 2155 969 2214 virum
1001 2159 1147 2215 sanctum
1174 2175 1210 2215 ao
1238 2155 1423 2232 sapientem,
1446 2155 1590 2232 ipsisque

360 2252 523 2331 prophetis
544 2252 819 2329 praestantiorem.

421 2355 577 2414 Turones.
600 2353 732 2414 Tasrnz.
756 2350 799 2432 (a.
824 2349 905 2430 194).
929 2352 1083 2412 Theodoti
1098 2352 1234 2412 coriarii
1250 2351 1437 2428 praecipuus
1452 2351 1589 2421 assecla,

361 2451 415 2528 qui
437 2450 722 2510 Melchisedechum
754 2449 907 2509 virtutem
938 2453 1092 2525 quandam
1114 2451 1268 2522 divinam,
1290 2450 1360 2526 ipso
1388 2451 1520 2511 Christo
1541 2467 1591 2508 su·

362 2549 517 2626 perierem
538 2553 745 2620 commentus,
769 2552 882 2608 auctor
902 2547 1015 2607 extitit
1036 2548 1426 2608 Melchisedechianorum.

421 2647 665 2708 Tnnrunnmnus
694 2645 735 2726 (a.
770 2644 852 2724 199).
875 2647 1008 2706 Praeter
1036 2663 1161 2705 errores
1190 2645 1396 2706 Montanistis
1426 2646 1586 2726 proprios,

361 2744 469 2805 docuit
489 2744 626 2804 animam
649 2744 833 2804 rationalem
856 2761 896 2802 ex
918 2745 1049 2803 traduce
1072 2744 1154 2816 fieri,
1177 2761 1232 2804 seu.
1253 2763 1272 2804 a
1293 2745 1479 2820 parentibus
1495 2763 1591 2824 gene·

361 2842 440 2914 rari,
456 2860 492 2900 ao
508 2843 606 2902 Deum
627 2859 696 2904 esse
718 2831 912 2919 corporeum.
937 2844 1028 2902 Hunc
1044 2846 1149 2901 tamen
1164 2847 1355 2921 postremum
1365 2860 1506 2903 errorem
1522 2843 1590 2922 ple·

360 2940 449 3017 rique
473 2940 591 3000 eruditi
612 2960 630 3001 a
653 2941 853 3002 Tertulliano
875 2941 944 3000 iure
959 2946 1134 3000 removent.

841 3216 1023 3280 SAEGULO
1044 3218 1103 3280 ΙΙΙ.
1176 3167 1183 3181 Ι

418 3410 548 3491 No'nrus
568 3427 610 3508 (a.
630 3427 714 3508 200).
739 3432 839 3492 Unam
862 3430 895 3489 in
917 3432 979 3490 Deo
1005 3447 1169 3506 personam
1191 3430 1212 3488 i.
1235 3449 1261 3488 e.
1285 3431 1412 3489 Patrem
1440 3431 1585 3502 admisit,

359 3525 496 3587 Verbum
516 3543 592 3586 vero
622 3545 658 3586 ae
676 3528 844 3605 'Spiritum
876 3529 1027 3588 Sanctum
1054 3531 1203 3588 externas
1234 3527 1503 3588 denominationes
1525 3528 1585 3589 Dei

361 3625 510 3686 asseruit.

420 3724 566 3785 Pnsxans
587 3741 655 3785 srvn
676 3724 897 3804 Er1eouus(a.
922 3721 1006 3803 201).
1029 3724 1124 3785 Nocti
1153 3722 1328 3798 discipulus
1350 3741 1442 3782 unam
1465 3724 1497 3783 in
1519 3726 1585 3785 Deo

359 3837 523 3896 personam
544 3823 695 3894 asseruit,
718 3841 754 3881 ac
778 3823 907 3898 proinde
931 3822 1054 3881 Patrem
1076 3822 1284 3881 incarnatum.

419 3918 605 3978 Saarnnrsru
635 3935 692 3980 sau
721 3921 964 3981 Psrnmsssmnr
994 3919 1036 4000 (a.
1068 3917 1152 3998 218).
1185 3921 1311 3977 Patrem
1342 3918 1485 3978 divinum
1514 3939 1584 3981 esse

359 4033 487 4092 passum
516 4016 682 4088 docebant,
714 4035 753 4075 ex
775 4019 912 4092 eoquod
934 4036 1098 4094 personam
1128 4033 1290 4089 rounam,
1313 4017 1436 4076 nomine
1458 4023 1583 4080 tantum

360 4113 410 4171 vel
432 4114 611 4190 operatione
633 4113 750 4174 trinam
773 4116 804 4174 in
827 4117 890 4175 Deo
912 4121 1100 4176 statuerent.

419 4212 619 4273 Aaououurcr
639 4212 681 4292 (a.
704 4211 789 4292 205).
818 4215 969 4273 Mundum
991 4216 1029 4274 ab
1059 4214 1191 4291 Angelis
1220 4217 1360 4273 creatum
1390 4215 1580 4292 docuerunt3

359 4309 563 4394 Sacramenta
585 4310 733 4383 reiecere,
756 4330 922 4389 corporum
944 4313 1205 4371 resurrectionem
1231 4316 1398 4388 negarunt.

412 4466 422 4507 l
446 4464 595 4510 Notandum
616 4465 656 4510 est
670 4463 925 4514 Quartodecimanos
946 4465 1009 4511 ante
1032 4464 1173 4510 nicaenam
1188 4465 1317 4519 synodum
1334 4464 1403 4510 iuter
1425 4465 1581 4512 haereticos

359 4535 407 4582 aut
422 4535 608 4584 schismaticos
622 4535 657 4584 ab
672 4535 826 4582 orthodoxis
841 4536 960 4583 ecclesiis
976 4537 1119 4594 ablegatos
1134 4545 1185 4582 non
1200 4535 1290 4583 fuisse.
