3404 5360
239 438 244 447 ·
368 428 437 474 nem
459 410 588 476 addidit.
608 415 738 476 Praetor
757 410 833 473 haec
854 311 1167 490 scripslii⁴tistoriom
1186 407 1388 487 tireoiopioam
1411 410 1584 488 depretia·

370 511 543 572 Uassmdori
554 512 774 590 complectendo
786 510 820 568 in
833 515 904 570 eote
916 507 1144 586 Apostolorum,
1166 509 1307 588 epistolas
1319 515 1350 569 et
1368 509 1585 588 Apocalypsim

367 625 407 670 eo
418 611 625 672 vdmddmis
636 608 821 671 membranis
841 614 944 668 erutas
963 625 999 668 ao
1019 609 1200 670 Passionem
1219 608 1277 669 88.
1298 608 1402 666 Firmi
1420 615 1450 669 ct
1468 609 1587 669 Hudmi

367 724 407 767 ex
427 707 562 786 optimae
582 711 674 792 notae
703 706 862 767 codicibus
882 709 1059 768 extractam
1074 707 1231 786 vulgavit.
1249 706 1385 784 Scripsit
1397 706 1493 767 etiam
1507 723 1584 784 opus

368 805 420 866 oui
433 805 560 879 titulus,
574 805 684 866 i'storie
698 805 898 884 diplomatica
910 806 964 866 ohe
975 821 1058 866 earne
1072 804 1320 866 d’introduriona
1333 802 1464 866 oti’Aru
1477 805 1586 865 uutoe

366 903 401 962 in
415 904 462 964 tal
473 905 617 965 materia.
632 903 725 966 Dedit
738 903 994 983 Suppltmentum
1005 905 1189 966 marianum
1201 909 1402 965 monumenta
1413 919 1586 981 numquam

367 999 452 1063 edite
473 1003 641 1070 continens,
663 1001 804 1064 Muscam
828 1002 1074 1064 Veronensecic.
1697 1055 1698 1080 ,

426 1100 593 1166 Dioursius
603 1101 857 1164 siunsarmsns
868 1103 965 1164 cauo.
976 1100 1010 1162 S.
1021 1103 1117 1166 Meua
1130 1099 1246 1183 (1710).
1262 1100 1399 1178 Scripsit
1411 1101 1585 1161 tractatum

367 1195 404 1258 de
422 1199 607 1277 confmdone
626 1200 812 1260 ammoniaci:
835 1200 1020 1279 tria'prima
1040 1199 1201 1260 volumine
1223 1193 1344 1260 Galliae
1366 1199 1585 1270 Christianam

366 1299 589 1374 postmortem
608 1298 676 1358 eius
696 1302 791 1358 aucta
810 1315 908 1374 usque
929 1301 967 1359 ad
988 1298 1138 1360 tredecim
1159 1297 1319 1359 volumina
1337 1297 1370 1356 in
1391 1295 1477 1356 folio.
1697 1325 1698 1362 i

379 1395 381 1403 “
426 1395 579 1458 Essemus
597 1397 772 1460 Rnusuoon
792 1393 836 1477 (1.
852 1391 943 1476 1720)
963 1398 1047 1475 Opus
1062 1397 1136 1458 Ant.
1152 1395 1293 1456 Annauld
1306 1396 1344 1456 de
1352 1401 1506 1472 perpetuo
1523 1393 1587 1474 sido
1697 1381 1698 1388 '

367 1491 503 1552 monum
521 1493 689 1554 catholicoe
713 1494 797 1554 circe
826 1494 1061 1556 Enotemstiom
1091 1494 1209 1554 duobus
1239 1493 1452 1554 voluminibus
1482 1491 1584 1564 auxit,

367 1589 535 1667 inquibus
557 1594 753 1652 constantem
774 1591 934 1653 Ecclesiae
954 1593 1130 1655 doctrinam
1150 1591 1187 1652 de
1211 1591 1423 1652 Sacramentis
1451 1589 1586 1666 aliisquo

366 1688 542 1767 Religionis
572 1692 605 1750 et
635 1689 819 1767 disciplinae
849 1691 997 1752 articulis
1029 1695 1140 1752 contra
1169 1690 1344 1752 haereticos
1371 1691 1584 1768 protestantes

300 1853 303 1860 ,
365 1787 586 1865 comprobavit
599 1805 655 1866 por
668 1805 854 1850 consensum
869 1789 1084 1852 Ecclesiarum
1094 1789 1314 1862 Orientalium
1331 1787 1416 1848 dedit
1426 1799 1589 1865 praeterea

364 1884 572 1962 defensionem
588 1893 758 1966 perpetuae
786 1887 860 1968 fidei
888 1893 1000 1948 eontra
1027 1887 1183 1965 falsitates
1203 1893 1234 1948 et
1256 1887 1431 1948 calumnias
1450 1885 1522 1945 iibri
1542 1886 1591 1944 in·

339 2059 341 2064 ,
363 1985 472 2062 scripti
495 2004 513 2041 e
534 1985 738 2048 Monumenta
758 1986 943 2048 authentica
957 1986 1120 2066 religionis
1141 1989 1352 2058 Graecorum,
1374 1981 1587 2044 {Historiam

361 2083 600 2161 patriarcarum
620 2083 910 2144 Alemondrinorum
929 2085 1140 2146 Iocobitarum
1154 2089 1187 2146 et
1200 2083 1412 2144 Ooiioctionem
1425 2082 1589 2159 iliturpie·

364 2198 436 2240 rum
459 2181 676 2242 Orientalium.
699 2183 755 2242 Ed.
778 2183 869 2244 Paris
890 2203 940 2244 an.
965 2184 1051 2244 1713.
1064 2183 1105 2248 ‚in
1125 2184 1153 2242 4.
1175 2187 1208 2243 ot
1230 2183 1317 2244 1716.

425 2279 558 2342 insonus
579 2280 624 2340 Ln
644 2281 734 2343 boue
754 2282 866 2343 Pansn.
897 2284 995 2346 Onus.
1017 2281 1061 2363 (11
1079 2279 1178 2362 1721).
1199 2280 1306 2341 Edidit
1333 2280 1511 2340 Discursum
1542 2279 1588 2336 at-

363 2377 510 2438 storicum
530 2377 568 2438 de
588 2379 697 2438 Bibliis
711 2379 893 2458 polyptottis
911 2381 1065 2457 cumdque
1084 2375 1191 2441 eorum
1210 2379 1401 2452 editionibus,
1421 2381 1455 2437 et
1474 2376 1589 2436 Bittio·
1697 2391 1698 2400 ¹

365 2477 484 2538 iteum
503 2493 627 2537 swam
646 2495 726 2555 qnae
746 2478 887 2538 continet
907 2481 1084 2556 catalogum
1102 2479 1277 2539 Bibliornm
1298 2475 1585 2554 manuscriptorum

365 2579 398 2636 et
418 2577 564 2636 textuum
584 2575 801 2652 originalium,
821 2594 928 2636 eorum
949 2577 1120 2637 editionum
1144 2581 1177 2637 et
1206 2576 1398 2648 versionum,
1420 2577 1585 2635 anctorum

366 2671 420 2748 qui
430 2673 467 2730 de
477 2671 644 2750 Scriptura
657 2689 749 2734 sacra
762 2674 972 2751 scripserunt,
986 2675 1154 2752 eorumque
1166 2691 1307 2752 operum,
1319 2691 1396 2752 opus
1410 2672 1588 2734 eruditione

366 2773 399 2830 et
419 2767 534 2829 critica
554 2770 876 2847 praestantissimum.

373 2915 378 2918 .
424 2868 549 2930 Pennus
563 2869 683 2931 nissen
697 2870 790 2933 Hnnr
803 2870 840 2953 (†
856 2870 957 2952 1721).
974 2873 1062 2934 Inter
1073 2872 1209 2952 plurima
1221 2872 1288 2933 eius
1300 2871 1432 2950 scripta,
1448 2871 1586 2931 eminent
1697 2863 1698 2920 ἶ

366 2992 384 3014 -
405 2967 631 3026 Demonstratio
652 2969 856 3046 Hoanpelicm
870 2973 962 3034 Liber
976 2971 1014 3035 de
1034 2973 1128 3034 claris
1141 2973 1359 3051 interpretibus
1377 2977 1408 3032 et
1421 2971 1458 3032 de
1471 2971 1587 3048 optimo

364 3079 476 3141 penem
494 3065 737 3145 tntcmrotonde
760 3069 954 3134 maone
972 3073 1146 3134 Atnetanae
1165 3071 1210 3134 de¹
1223 3070 1387 3132 concordia
1406 3069 1539 3130 rationis
1558 3076 1589 3128 et

364 3161 452 3244 fidei·
471 3163 563 3226 Liber
593 3165 631 3228 de
648 3168 711 3234 situ
734 3167 883 3230 Perdidici
913 3172 1081 3243 terrestria·
1102 3171 1243 3235 Censura
1257 3169 1468 3248 philosophica
1489 3174 1590 3229 curte-

365 3279 481 3322 manue.

425 3359 628 3424 Aoousrmus
641 3363 771 3426 Onnunr
785 3365 863 3426 Ono.
885 3381 911 3426 s.
928 3367 1006 3427 Bas.
1019 3363 1136 3446 (1757).
1150 3366 1285 3444 Scripsit
1300 3365 1414 3444 gallico
1427 3366 1589 3426 Common-

366 3457 640 3520 tariumlitteroie
658 3461 692 3519 in
707 3479 810 3522 omnes
828 3463 988 3540 utriusque
1012 3463 1196 3525 Testamenti
1215 3465 1316 3537 tidros,
1338 3463 1465 3524 adiectis
1484 3465 1590 3524 multis

367 3554 629 3616 dissertationibus
640 3591 662 3605 -
674 3559 848 3620 Historiam
866 3562 899 3620 V.
917 3567 947 3622 et
959 3559 998 3621 N.
1020 3563 1203 3641 Testamenti
1217 3595 1234 3608 -
1247 3563 1474 3624 Dietionarium
1497 3565 1589 3624 histo-
1697 3567 1698 3592 ¹

365 3655 466 3716 ricum
496 3655 638 3716 oriti'cmn
669 3658 913 3736 propropticum
941 3660 1115 3720 Bibliorum
1144 3693 1161 3708 ·
1185 3661 1356 3721 Historiam
1384 3664 1587 3723 universalem

366 3753 640 3830 suro-mosenum
659 3787 676 3802 -
700 3755 965 3817 commentorium
998 3759 1164 3820 litteralem
1183 3759 1360 3819 historicum
1382 3767 1413 3821 ot
1438 3762 1588 3824 moralem

366 3849 402 3908 in
421 3851 565 3925 reputem
584 3852 618 3912 8.
640 3852 801 3914 Benedicti
819 3859 852 3914 et
872 3847 946 3916 alia.

296 4013 317 4046 ,¹
371 3983 386 3992 -
426 3949 567 4011 Nursms
586 3949 775 4014 Annianus
794 3953 871 4014 Ono.
888 3955 950 4014 ΡΡ.
966 3951 1081 4035 (1724).
1093 3953 1275 4016 Publioavit
1297 3955 1539 4016 Commentarios
1551 3957 1585 4015 in
1697 3949 1698 3964 i

367 4045 543 4122 Hvunpeiia
573 4054 602 4107 et
629 4049 664 4106 in
687 4049 844 4126 Epictetus
872 4051 905 4110 8.
934 4053 1032 4113 Pauli
1052 4079 1069 4099 -
1096 4053 1292 4128 Theolopiam
1323 4053 1533 4130 dogmaticam
1558 4062 1586 4115 et

366 4147 532 4218 moralem·
551 4145 723 4208 Historiam
744 4149 976 4210 ecclesiasticam
1000 4152 1035 4212 V.
1052 4149 1133 4212 etN.
1152 4147 1348 4225 Testamenti,
1370 4169 1446 4229 opus
1462 4153 1587 4213 damna·
1697 4139 1698 4226 i

368 4247 436 4306 tum
458 4248 491 4305 et
512 4261 572 4304 non
593 4246 756 4324 legendum
778 4247 845 4308 sine
866 4249 949 4309 notis
971 4253 1004 4310 et
1023 4249 1345 4310 animadversionibus
1361 4249 1394 4310 O.
1409 4251 1585 4330 Ronoaglia

368 4346 401 4403 et
420 4345 458 4404 D.
481 4344 596 4404 Mansi.

427 4443 622 4506 nosiacus
646 4443 812 4507 nooman
841 4443 878 4525 (a
907 4441 1007 4524 tran).
1030 4443 1138 4506 notua
1156 4415 1379 4510 Promotum
1399 4419 1582 4525 omousion
1697 4483 1698 4504 i
