3466 5362
421 431 424 439 “
470 427 500 486 S.
522 425 720 491 Hirronrrus
740 427 795 488 Er.
815 427 851 510 (f.
873 447 901 488 a.
922 425 1005 507 230).
1027 429 1104 488 Eius
1126 445 1220 505 opera
1244 433 1319 488 sunt
1337 427 1586 496 Demonstratip
1608 425 1643 484 de

408 529 527 587 Christo
550 535 578 586 et
598 511 787 586 Antichristo
800 559 813 570 ·
826 527 1051 586 Demonstratio
1073 527 1218 587 adversas
1237 527 1387 588 ludaeos·
1401 527 1510 586 Liber
1533 524 1644 584 adoer-

343 661 346 680 ,
402 645 452 684 sas
474 627 604 686 Graecos
631 628 685 703 qui
716 625 904 684 inscribitur
932 625 1077 684 adversus
1103 627 1267 684 Platonem
1288 624 1325 684 ale
1354 625 1511 684 universo
1528 654 1545 668 -
1563 623 1644 698 Opas

403 723 548 784 adversus
567 741 669 782 omnes
689 725 887 796 haeraeses
908 741 980 800 quo,
996 729 1122 799 praeter
1143 725 1205 783 alia
1222 723 1343 782 minora
1358 722 1575 800 fragmenta,
1593 721 1646 776 ho-

403 822 531 882 diedum.
547 825 691 898 superest
711 839 783 898 pars
804 825 955 886 extrema.
968 822 1019 880 cni
1031 821 1144 880 titulus
1160 825 1209 880 est
1226 821 1342 880 Contra
1361 820 1529 880 haeresim
1540 815 1644 878 Nulli.

404 921 461 978 His
483 919 612 996 adiungi
634 920 745 978 debent
766 920 960 996 Emplanatio
980 920 1013 976 in
1027 907 1199 979 Danielem?
1218 919 1380 977 Tractatus
1394 918 1506 977 brevis
1528 915 1571 975 cle
1585 916 1646 974 Su-

402 1034 515 1076 sanna:
543 1018 650 1077 Sermo
676 1019 709 1075 in
736 1017 768 1076 S.
800 1018 999 1094 Theophania
1026 1023 1055 1076 et
1075 1016 1112 1076 ele
1134 1015 1377 1076 Charismatibus
1403 1014 1480 1093 (Sp.
1514 1012 1645 1090 Sancti)
1670 1065 1672 1070 .

404 1117 577 1192 Apostolica
601 1115 740 1175 Traditio
753 1115 887 1174 -Canon
916 1115 1101 1174 Pascbalis·
1115 1112 1266 1174 Narratio
1288 1113 1325 1173 de
1360 1112 1501 1188 Virqine
1526 1111 1644 1170 Corin-

405 1215 508 1274 tbiaca
518 1218 550 1274 et
564 1214 601 1273 de
614 1214 749 1292 qaedam
760 1214 980 1288 Mapistriano.
997 1213 1171 1288 Supersunt
1186 1210 1322 1288 insuper
1332 1211 1528 1288 fragmenta
1554 1209 1646 1268 Com·

404 1297 628 1372 menterior'um
649 1313 682 1371 in
711 1312 816 1372 varios
843 1312 873 1371 S.
907 1311 1088 1386 Scripturas
1118 1309 1228 1378 libros,
1260 1308 1490 1367 nonnullarum
1524 1306 1640 1368 Homi-

404 1409 517 1468 liarum
538 1409 740 1486 et'epistolae
762 1410 800 1469 ad
822 1409 962 1485 reginam
983 1398 1156 1483 quamdam.
1185 1407 1262 1466 Fuit
1281 1405 1483 1482 Hippolytus
1509 1404 1640 1464 Irenaei

404 1507 577 1583 discipulus
608 1507 749 1586 vulgatis
780 1508 932 1566 adversus
963 1505 1105 1564 ethnicos
1137 1509 1230 1580 atque
1260 1504 1436 1564 haereticos
1478 1503 1640 1581 operibus

406 1607 521 1666 orienti
543 1607 634 1666 iuxta
649 1609 681 1672 et
702 1604 858 1664 occidenti
879 1603 1075 1676 notissimus,
1098 1603 1151 1678 qui
1173 1602 1254 1661 forte
1275 1601 1412 1661 emnium
1434 1600 1572 1678 primus
1595 1601 1643 1658 in·

327 1734 329 1740 ·
410 1705 515 1782 signes
528 1705 561 1763 in
583 1711 674 1764 sacra
687 1701 792 1764 Biblia
812 1701 1052 1761 commentarios
1074 1701 1261 1777 composuit,
1284 1700 1398 1775 quique
1413 1699 1568 1759 vitandis
1592 1698 1641 1756 iu-

405 1803 510 1862 daicae
534 1801 768 1880 supputationis
790 1800 1041 1878 aberrationibus
1065 1799 1243 1876 paschalem
1264 1797 1435 1874 'periodum
1467 1797 1505 1856 in
1542 1814 1637 1855 usum

405 1900 573 1960 christiani
596 1883 990 1960 occidentisconcinnavit.
1003 1899 1103 1973 Opera
1115 1895 1329 1972 S.·Hippolyti
1344 1913 1422 1970 quae
1437 1898 1636 1971 supersunt,

403 2003 435 2058 et
449 1999 582 2058 aliorum
597 2017 674 2074 quae
698 1998 872 2075 perierunt,
895 1994 1073 2074 fragmenta
1093 1995 1190 2055 edidit
1211 1993 1377 2054 Fabricius
1401 1993 1490 2055 itio.
1509 1993 1545 2052 2.
1565 1993 1630 2053 vol.

405 2095 506 2156 insol.
528 2097 670 2156 Galland.
694 2096 845 2155 Biblioth.
868 2097 903 2154 T.
927 2097 966 2154 ΙΙ.

463 2194 620 2254 Osiennss
639 2192 677 2272 (f.
701 2213 729 2252 a.
745 2191 827 2270 230).
848 2194 896 2251 Ex
918 2193 1070 2270 Operibus
1091 2193 1159 2252 eius
1181 2195 1306 2270 praeter
1326 2191 1550 2267 Hexaplorum
1567 2190 1634 2248 fra·

404 2294 529 2370 gmenta
545 2290 576 2363 ¹,
598 2291 754 2350 habentur
773 2291 915 2367 Epistola
935 2291 977 2350 ael
996 2292 1111 2350 lulium
1131 2291 1321 2366 Africanam
1342 2289 1380 2348 de
1399 2289 1574 2348 Susannae
1588 2289 1633 2346 ia·-

403 2391 500 2450 storia
519 2421 531 2436 -
551 2391 651 2468 Epist.
672 2389 714 2450 ael
736 2389 923 2464 (imperium
948 2389 1222 2464 Tbaumaturpam
1243 2387 1367 2464 quando
1388 2388 1539 2463 quibusve
1556 2386 1630 2464 plri-

407 2489 573 2565 losophiaae
594 2488 773 2565 ancipitum
792 2489 881 2547 utiles
900 2489 962 2546 sint
981 2487 1023 2546 ael
1043 2487 1099 2546 SS.
1122 2487 1237 2564 Script.
1262 2487 1480 2562 repositionem
1493 2519 1510 2532 -
1525 2488 1631 2561 Frag-

404 2579 508 2644 inenta
520 2605 559 2644 ex
574 2586 666 2644 libris
687 2585 724 2644 de
738 2587 963 2659 ¹resurreetione
975 2619 989 2630 ·
1001 2585 1163 2644 Sententia
1179 2585 1320 2659 Oripenis
1333 2583 1371 2646 de
1388 2586 1632 2645 resurrectione·

407 2684 495 2742 Libri
514 2691 648 2759 quatuor
668 2684 705 2742 de
720 2685 887 2760 principiis
905 2717 918 2728 -
938 2684 1070 2743 Libellus
1099 2682 1136 2742 ale
1168 2683 1315 2742 Oratione
1333 2714 1347 2727 -
1367 2684 1565 2743 Erebortatio
1587 2680 1630 2746 ad

405 2783 608 2859 martyrium
632 2782 750 2841 Contra
772 2783 902 2852 Celsum,
925 2782 995 2839 libri
1016 2783 1047 2840 8.
1062 2813 1077 2827 -
1096 2781 1212 2840 Selecta
1231 2782 1265 2839 in
1282 2781 1428 2840 ‚Genesim
1442 2783 1630 2842 ·Homiliae

405 2881 438 2936 ia
456 2879 594 2938 Genesim
614 2913 628 2924 -
647 2880 765 2939 Selecta
779 2881 812 2938 in
824 2880 972 2938 Eaedem
1005 2913 1023 2923 -
1043 2879 1200 2940 Homiliae
1213 2881 1246 2937 in
1261 2879 1410 2957 Eaedem
1429 2912 1444 2926 ·
1456 2881 1580 2942 Selecta
1596 2880 1629 2936 in

404 2979 573 3038 Leuiticum
593 3011 607 3023 -
626 2979 780 3038 Humiliae
795 2965 832 3036 ¹in
852 2969 1022 3038 Leuiticum
1041 3013 1055 3024 -
1073 2978 1190 3038 Selecta
1210 2979 1243 3036 in
1257 2969 1415 3038 'Numeros
1434 3013 1447 3024 -
1465 2980 1628 3038 Hostiliae

403 3077 436 3134 in
455 3075 607 3137 Numeros
627 3109 640 3122 -
659 3077 775 3137 Selecta
794 3079 827 3135 in
848 3080 1118 3138 Deuteronomium
1137 3111 1151 3122 -
1170 3079 1285 3138 Selecta
1305 3079 1339 3136 in
1368 3078 1468 3138 Iesum
1496 3078 1589 3140 Naue
1615 3108 1627 3119 ·

405 3175 561 3236 Humiliae
580 3177 614 3234 in
635 3177 700 3235 Lib.
721 3176 790 3235 lesu
810 3175 895 3237 Naue
914 3211 928 3222 -
947 3178 1064 3236 Selecta
1083 3179 1117 3235 in
1137 3177 1254 3237 ludices
1280 3209 1294 3222 -
1318 3178 1472 3252 Humiliae
1492 3178 1527 3234 in
1555 3177 1624 3236 Lib.

404 3272 544 3331 Indicum
563 3307 577 3319 -
588 3274 705 3334 Selecta
717 3276 751 3332 in
765 3275 790 3332 l.
807 3276 919 3333 librum
933 3276 1054 3349 diepam
1074 3307 1088 3319 -
1107 3275 1224 3334 Selecta
1237 3276 1271 3333 in
1286 3275 1336 3333 ilbss
1353 3275 1404 3351 Iob
1423 3307 1437 3320 -
1460 3275 1626 3336 Commen-

405 3371 489 3430 taria
501 3371 535 3428 in
550 3373 688 3430 Psalmos
704 3406 719 3418 -
732 3362 926 3446 Fraprnenta
941 3373 1157 3432 in‘Prooerbia
1170 3405 1183 3416 -
1196 3374 1392 3446 Fruamenta
1406 3374 1439 3430 in
1452 3375 1619 3434 Canticum

403 3499 417 3510 -
434 3467 589 3528 Homiliae
608 3471 642 3541 in
664 3471 827 3529 Canticum
859 3469 1058 3528 Canticorum
1079 3503 1093 3515 -
1111 3470 1320 3530 Homiliaein
1341 3471 1467 3531 msiones
1486 3472 1589 3532 Isaiae
1608 3503 1622 3514 -

404 3565 559 3626 Humiliae
579 3567 612 3624 in
632 3567 796 3627 Ieremiam
814 3601 828 3613 -
847 3567 966 3628 Selecta
984 3571 1019 3626 in
1041 3567 1204 3628 Ieremiam
1224 3601 1238 3612 -
1256 3567 1374 3626 Selecta
1393 3569 1427 3626 in
1451 3569 1588 3630 Threnos
1611 3601 1621 3614 ·

404 3661 559 3722 Hostiliae
579 3666 612 3722 in
634 3667 823 3726 Ezechielem
836 3699 849 3710 -
867 3666 984 3725 Selecta
1004 3668 1037 3724 in
1058 3667 1247 3726 Ezechielem
1267 3699 1280 3711 -
1301 3666 1382 3724 Pars
1403 3685 1441 3726 ea
1470 3685 1623 3729 commen-

405 3762 495 3820 tariis
514 3763 547 3820 in
571 3764 640 3822 Osee
662 3797 678 3808 ·
702 3765 869 3823 Commeat.
902 3765 936 3822 in
957 3765 1081 3839 Erana.
1116 3766 1282 3826 secandum
1307 3765 1504 3826 Matthaeum
1523 3799 1537 3812 -
1557 3768 1620 3827 llo·

404 3859 508 3918 miliae
529 3861 562 3917 in
582 3862 700 3920 Lucam
720 3895 733 3906 -
752 3863 949 3936 Frapmenta
969 3863 1002 3920 in
1022 3863 1140 3922 Lucam
1159 3897 1173 3908 -
1196 3864 1427 3923 Commentario
1448 3865 1481 3922 in
1511 3866 1621 3926 Evan-

368 4048 370 4052 .
455 4009 600 4064 1Hexapia
614 4009 735 4065 origenis
749 4021 793 4055 sex
808 4010 938 4055 columnis
960 4010 1132 4058 continebant
1157 4013 1258 4056 textum
1274 4011 1430 4057 hebraicum
1446 4013 1550 4059 litteris
1572 4015 1619 4060 he-

404 4078 514 4132 braicis,
529 4074 649 4123 eumdem
666 4083 767 4124 textum
783 4081 884 4125 litteris
898 4081 1012 4137 graecis,
1028 4083 1175 4128 versionem
1198 4083 1319 4138 Aquilae,
1333 4083 1527 4139 Theodotionis,
1542 4089 1620 4142 sym-

403 4150 491 4196 machi
505 4154 531 4194 et
547 4150 692 4195 versionem
708 4152 918 4197 ecclesiasticam
933 4155 1007 4203 LXX,
1023 4155 1056 4198 ad
1072 4155 1147 4198 cuius
1162 4154 1354 4199 correctionem
1369 4157 1395 4199 et
1411 4156 1446 4200 ad
1469 4157 1617 4202 exhibenda

403 4233 435 4267 ea
451 4221 541 4266 omnia
556 4221 654 4277 quibus
668 4223 734 4268 haec
751 4223 835 4267 versio
852 4235 867 4268 a
884 4225 957 4268 textu
972 4225 1099 4271 hebraico
1116 4227 1290 4282 discreparet,
1305 4227 1391 4270 totum
1415 4237 1480 4284 opus
1496 4230 1531 4282 (50
1546 4230 1619 4274 voiu-

403 4292 514 4345 minum)
529 4291 645 4336 maxime
660 4294 808 4349 spectabat.
824 4297 934 4340 Praeter
958 4297 1073 4352 hexapla
1097 4297 1179 4341 edidit
1204 4297 1328 4352 Origenes
1353 4299 1616 4356 adhuctetraplaet

404 4363 522 4420 octupla,
537 4372 649 4418 quorum
664 4363 759 4418 priora
774 4366 1030 4420 comprehendebant
1047 4370 1163 4423 quatuor
1187 4369 1322 4414 versiones
1344 4380 1466 4426 graecas,
1487 4370 1514 4414 in
1530 4373 1616 4428 poste-

403 4434 521 4480 rIoribus
537 4435 570 4480 ad
593 4434 709 4490 hexapla
733 4435 842 4480 additae
856 4440 934 4482 erant
948 4437 984 4482 in
1008 4439 1112 4494 duabus
1136 4439 1313 4486 ulterioribus
1335 4440 1466 4487 columnis
1481 4443 1616 4489 versiones

404 4505 499 4578 quinta
513 4507 630 4561 (reperta
646 4505 673 4549 in
688 4505 767 4550 doliis
781 4507 933 4554 Hiericunte
947 4509 996 4553 sub
1011 4510 1164 4564 caracalla)
1181 4515 1207 4555 et
1222 4519 1297 4559 sexta
1314 4513 1432 4568 (inventa
1446 4509 1565 4570 Nicopoli
1582 4515 1614 4561 ad

404 4577 507 4621 Actium
522 4578 572 4622 sub
585 4575 738 4623 Alexandro
752 4578 867 4630 Severo).
