3444 5358
906 315 1080 378 -156-

282 475 285 484 ¹
383 407 521 487 Insignia
541 410 714 484 dimanant,
734 427 813 487 quae
834 411 934 471 veluti
955 414 1060 488 Requi
1073 413 1218 472 instituto
1232 413 1271 473 ad
1285 413 1529 491 propositionem
1546 419 1609 474 111-
1703 423 1704 430 ’

382 507 459 567 tiam
480 514 684 582 revocantur,
707 509 818 568 idest:
842 511 1018 586 Appellatio
1048 511 1086 570 ab
1106 512 1216 584 abusu,
1239 529 1318 587 quae
1342 515 1392 570 est
1413 514 1531 572 misera
1553 513 1609 573 illa

383 607 574 666 consuetudo
604 606 791 666 subiiciendi
822 608 997 668 Ecclesiam
1028 609 1272 686 Magistratibus
1304 607 1454 667 civilibus
1488 611 1526 669 ad
1556 629 1607 669 eos

382 703 565 780 appellando
595 723 614 764 a
644 704 809 764 sententiis
841 705 1200 774 ¹iudicis-ecclesiastici
1230 725 1265 764 eo
1294 705 1429 778 nomine,
1453 709 1532 782 quod
1556 708 1609 765 ille

382 801 575 860 auctoritate
596 819 653 862 sua
672 819 834 880 perperam
856 807 948 878 atque
969 804 1121 863 iniuriose
1136 820 1212 862 usus
1224 803 1334 862 fuerit:
1351 805 1486 878 11191111
1503 805 1609 864 Placet

382 899 414 958 id
442 903 491 959 est
518 901 655 976 pessima
678 901 780 959 altera
804 903 1010 973 consuetudo,
1038 919 1099 977 qua
1125 901 1376 960 Constitutiones
1404 902 1608 978 apostolicae,

382 997 528 1074 ipsaeque
542 997 636 1058 etiam
652 997 878 1078 Episcoporum
894 999 1069 1075 pastorales
1085 999 1222 1069 litterae,
1238 1015 1315 1074 quas
1330 999 1441 1058 dicunt
1454 999 1610 1058 mandata
1704 1049 1705 1054 ,

382 1094 415 1153 in
436 1094 552 1172 vulgus
573 1095 622 1154 edi
644 1096 828 1172 servarique
850 1100 1013 1168 vetantur,
1037 1097 1100 1156 nisi
1122 1095 1153 1155 id
1176 1096 1286 1154 civilis
1303 1097 1517 1173 Magistratus
1540 1115 1610 1174 per-

381 1192 498 1252 miitat:
523 1193 639 1268 Raptus
658 1193 853 1253 Patroaatus
874 1200 905 1252 ct
926 1193 1065 1254 custodio
1078 1194 1254 1265 Canobum,
1277 1211 1338 1269 quo
1362 1195 1486 1252 nomine
1509 1194 1609 1254 libera

383 1289 420 1348 111
439 1289 520 1367 Regi
542 1289 680 1352 facultas
701 1291 816 1365 quibus
838 1291 916 1350 libet
936 1291 1097 1350 Ecclesiae
1119 1290 1256 1369 negotiis
1273 1307 1341 1349 sese
1357 1290 1567 1350 immiscendi.

441 1388 626 1450 Praedictas
647 1389 827 1450 Libertates
850 1384 1060 1465 reprobarunt
1075 1389 1208 1448 Romani
1223 1388 1394 1448 Pontifices
1409 1389 1610 1450 INNOGEN-

382 1486 475 1546 'I'IUS
496 1487 542 1545 XI
573 1505 628 1562 per
659 1487 786 1546 Iltteras
808 1486 841 1545 in
862 1485 963 1545 forma
994 1486 1106 1546 Brevis
1139 1487 1187 1545 die
1220 1487 1268 1545 11.
1290 1485 1411 1562 Aprilis
1441 1505 1492 1544 an.
1518 1486 1604 1546 1681:
1705 1479 1706 1482 '

380 1582 639 1644 ALEXANDER
666 1585 742 1647 VIII
777 1585 883 1644 Consi.
917 1584 1003 1642 Inter
1031 1584 1213 1660 multiplices
1245 1583 1294 1642 die
1326 1584 1354 1641 1.
1379 1584 1520 1660 Augusti
1554 1603 1604 1643 an.

383 1679 470 1740 1690:
494 1682 586 1741 PIUS
606 1682 650 1741 VI
672 1682 807 1742 00111111.
830 1683 996 1742 Auctorem
1015 1682 1091 1761 fidoi
1112 1682 1161 1741 die
1182 1681 1222 1740 28
1241 1682 1323 1757 Aug.
1349 1679 1436 1739 1795.
1461 1681 1522 1739 imo
1546 1681 1607 1758 ipsi

381 1777 560 1839 reiecerunt
590 1779 746 1840 Gallicani
777 1780 926 1856 Episcopi
956 1780 1010 1856 qui
1031 1797 1083 1839 eas
1119 1780 1255 1850 edidere,
1277 1783 1308 1838 et
1334 1779 1515 1837 Ludovieus
1539 1779 1606 1856 ipse

381 1878 457 1940 XIV
487 1878 578 1937 cuius
611 1878 802 1938 anctoritate
832 1882 923 1954 gesta
953 1896 990 1937 ea
1018 1878 1122 1938 omnia
1151 1877 1289 1951 fuerant,
1318 1877 1438 1937 litteris
1474 1877 1606 1936 seorsim

382 1976 464 2036 datis
485 1977 523 2035 ad
545 1976 761 2036 Innocentium
783 1977 856 2036 XII.
879 1995 960 2036 anuo
984 1977 1070 2036 1693.
1093 1975 1140 2036 cf.
1164 1975 1290 2036 Camilli
1310 1975 1512 2051 Tarquinis.
1530 1977 1557 2035 I.
1573 1976 1603 2033 S.

380 2075 419 2134 R.
444 2075 479 2132 E.
503 2075 594 2134 Oard.
617 2074 701 2134 Iuris
732 2073 818 2132 Eccl.
843 2074 928 2150 publ.
952 2074 1188 2145 Institutiones,
1215 2073 1269 2149 qui
1295 2072 1430 2132 dilucide
1453 2072 1605 2148 praedicti

382 2176 463 2248 syst.
487 2170 574 2231 fund.
605 2171 768 2230 convellit.
792 2170 840 2229 Cf.
860 2172 956 2231 etiam
987 2173 1173 2232 Tractatum
1203 2172 1239 2230 de
1268 2171 1357 2230 Rom.
1384 2169 1501 2228 Pontis.
1536 2187 1605 2228 cum

381 2268 505 2346 Proleg.
530 2269 566 2328 de
588 2269 674 2327 Eccl.
698 2268 739 2327 cl.
763 2268 795 2327 P.
817 2269 971 2328 Dominioi
995 2268 1146 2328 Palmieri
1167 2271 1198 2328 S.
1220 2270 1245 2327 I.
1270 2268 1301 2326 11
1323 2267 1605 2344 11101311ςί111-

380 2369 541 2444 ponuntur
560 2370 593 2426 et
614 2365 823 2427 confutantur
844 2366 1009 2426 libertates
1032 2366 1113 2427 istae
1135 2366 1322 2444 gallicanae.

835 2659 1016 2722 sanouno
1037 2660 1155 2723 xvru.

439 2853 898 2936 Pasuoo-Puiuosoru1(1700)
913 2856 1028 2915 Eorum
1044 2856 1266 2935 antisignanus
1281 2855 1346 2916 fuit
1361 2858 1487 2918 Parrus
1504 2857 1606 2917 Barna

380 2955 434 3031 qui
465 2956 589 3014 saeculo
619 2955 818 3032 praecedenti
840 2955 880 3033 in
908 2953 1038 3032 scriptis
1075 2954 1141 3014 suis
1164 2955 1380 3014 tollerantiam
1410 2953 1603 3031 religiosam,

381 3053 676 3113 indifferentismum
697 3059 728 3113 11
750 3053 985 3130 sceptioismum
1002 3053 1226 3131 propugnavit.
1251 3053 1289 3111 Ei
1310 3071 1428 3129 suppar
1443 3052 1507 3111 11111
1522 3055 1605 3113 Hau·

381 3169 471 3212 aious
499 3169 601 3212 comes
632 3154 988 3213 oa-Bounamvmniuns.
1018 3151 1152 3210 Eorum
1169 3170 1243 3211 vero
1276 3151 1461 3229 patriarcha
1493 3151 1603 3209 merito

381 3253 528 3308 censetur
548 3251 743 3311 Facucvsous
764 3251 808 3310 M.
831 3249 961 3312 Aaounr
983 3267 1022 3310 on
1042 3253 1206 3311 Vourerna
1220 3250 1274 3326 qui
1296 3253 1364 3308 tota
1387 3249 1455 3308 vite
1476 3265 1534 3308 sua
1556 3249 1604 3306 de·

382 3349 549 3408 struendae
569 3349 729 3425 Religioni
751 3349 945 3408 christianae
959 3366 1085 3424 operam
1107 3349 1267 3426 impendit.
1284 3347 1361 3408 Eius
1384 3347 1561 3424 discipulus
1577 3351 1606 3406 ct
1661 3428 1663 3432 Ι

381 3445 413 3504 11
447 3445 712 3522 pseudo-sophiae
745 3445 967 3522 patriarchatu
990 3463 1155 3504 successor
1187 3447 1271 3504 extit
1290 3446 1428 3506 Ioannes
1448 3446 1494 3504 Lu
1516 3445 1607 3506 Reno

381 3543 597 3614 n’Anuusunn,
610 3543 664 3618 qui
676 3542 815 3618 reliquos
826 3543 947 3602 astutia
957 3547 990 3602 et
1000 3543 1192 3602 dexteritate
1203 3543 1408 3618 impugnandi
1422 3542 1605 3618 religionem

277 3715 282 3728 Ι
382 3640 557 3717 superavit,
574 3657 649 3699 usus
670 3639 753 3698 enim
774 3643 824 3699 est
838 3657 912 3716 prae
929 3640 1044 3698 ceteris
1060 3641 1259 3699 simulatione
1274 3645 1307 3696 11
1322 3639 1435 3698 techis.
1450 3640 1507 3698 Cui
1515 3640 1608 3717 jungi
1709 3691 1710 3694 ,

325 3747 331 3758 ’
376 3737 810 3799 debetDrcuvsmsDrosnor
830 3737 1066 3814 scepticismum
1083 3735 1606 3809 materialismum‚etatheismom
1709 3799 1710 3804 ,

381 3834 555 3912 professus.
1268 3899 1271 3906 Ι
1364 3881 1366 3886 .
1709 3841 1710 3860 ¹

440 3922 670 4014 Qunsuannmur
692 3932 732 4014 (a.
758 3930 858 4010 1708).
881 3934 909 3992 Α
939 3934 1111 3992 Paschasio
1132 3933 1310 4004 Quesnello,
1332 3951 1548 3994 nrrnnnnnrns
1569 3935 1607 3994 ab

382 4031 550 4090 interiecta
569 4032 607 4090 ad
628 4031 802 4090 Concilium
823 4032 1063 4091 Oecumenicum
1086 4031 1295 4108 appellatione
1324 4032 1416 4103 dicti,
1430 4036 1556 4090 centum
1577 4037 1608 4091 11

382 4129 437 4187 uni
457 4129 724 4206 propositionibus
739 4129 907 4206 suffragati
923 4134 1010 4202 sunt,
1022 4129 1177 4188 damnatis
1197 4147 1252 4205 per
1268 4129 1390 4188 Bullam
1416 4129 1605 4205 Uciqeoitus.

382 4228 503 4286 Harum
523 4228 561 4289 43
582 4227 723 4305 priorum
752 4231 972 4303 argumentum
994 4225 1169 4287 universim
1201 4231 1349 4286 versatur
1369 4227 1456 4286 circa
1487 4228 1608 4303 gratiae

382 4329 528 4384 naturam
538 4331 570 4384 et
590 4324 856 4396 distributionem,
871 4325 1043 4384 mediarum
1064 4342 1147 4382 num.
1162 4323 1214 4396 38,
1227 4325 1314 4384 eirca
1328 4325 1466 4384 virtutes
1488 4326 1606 4395 Fidem,

382 4423 484 4498 Spem,
516 4425 722 4495 Charitatem‚
755 4422 910 4482 Timorem
947 4423 1087 4498 vitiaque
1115 4422 1164 4481 his
1186 4423 1353 4500 opposita3
1377 4428 1606 4500 postremarum

380 4520 420 4578 30
440 4519 527 4581 circa
548 4522 721 4581 Ecclesiam
743 4520 924 4596 variamque
945 4521 1014 4580 eius
1040 4521 1250 4610 disciplinam.
