3404 5360
893 345 933 365 --
954 317 1012 378 108
1030 349 1072 367 -
1551 367 1555 378 .

376 435 502 478 cunum
529 425 558 477 et
576 417 788 494 quaestionum
804 418 1041 494 practicarum.-
1062 419 1282 496 expositionem
1304 417 1474 492 incruenti
1497 417 1608 475 missae

375 516 528 595 sacrificii.
553 515 689 594 Scripsit
708 533 827 593 quoque
842 515 954 604 librum
975 517 1026 575 oui
1048 517 1163 577 titulus
1184 515 1408 595 Sanctificatio
1429 515 1467 575 S.
1490 514 1608 593 Ioseph.

376 613 430 690 Sp.
447 616 484 674 B.
503 615 535 674 V.
549 615 583 673 in
601 621 689 674 utero
710 620 838 685 asserta,
853 613 907 689 qui
922 616 1027 676 16666
1042 615 1125 675 decr.
1145 613 1182 674 19
1197 615 1294 676 Mart.
1313 615 1396 676 1633
1413 613 1450 674 16
1472 612 1610 674 indicem

377 713 496 773 relatus
517 711 591 773 fuit.

435 811 560 873 Parrus
580 829 619 872 66
639 811 752 871 Manen
765 809 799 890 (†
820 807 920 889 1662).
937 812 1104 872 Famosum
1119 812 1217 872 edidit
1237 829 1313 890 opus
1329 811 1384 872 oui
1403 811 1530 871 titulus
1545 811 1614 869 Dis-

374 909 555 969 sertationes
573 907 610 968 de
629 907 793 968 concordia
822 907 986 968 sacerdotii
1006 916 1036 969 61
1054 909 1178 988 imperii
1206 911 1325 986 -quod
1350 909 1388 968 11
1413 910 1490 969 Ι66.
1522 907 1612 968 1642.

376 1005 569 1084 prohibitum
584 1005 647 1066 1611
660 1007 755 1066 donec
777 1005 969 1084 corrigatur.
994 1008 1136 1084 Reliquit
1150 1008 1245 1068 etiam
1270 1008 1431 1085 opuscula
1457 1007 1515 1066 16.
1531 1025 1612 1083 quae

377 1104 554 1184 publicavit
584 1085 861 1176 Baluziussinter
891 1123 969 1182 quae
1000 1107 1284 1166 commemorandae
1307 1109 1385 1165 sunt
1415 1105 1546 1165 dissert.
1578 1104 1616 1163 de
1681 1097 1682 1162 l

375 1210 534 1264 sterarnate
553 1209 583 1264 61
594 1203 777 1278 peneaiopia
792 1203 928 1276 Christi3
943 1203 980 1264 ule
994 1203 1131 1264 aduentu
1144 1221 1311 1280 rnaporurn
1325 1203 1369 1263 ad
1386 1203 1572 1275 Christum,
1587 1209 1617 1262 at

375 1321 419 1362 an
432 1303 465 1362 lu·
477 1319 563 1377 repes
574 1302 706 1378 fuerint,
728 1301 765 1362 de
784 1303 940 1378 sinpulari
948 1304 1092 1380 primatu
1107 1304 1196 1364 Petri
1205 1324 1216 1375 ;
1238 1302 1275 1362 de
1298 1302 1416 1378 Vipilio
1434 1303 1556 1378 Papa‚·
1579 1300 1616 1360 de

372 1401 516 1479 priraatu
535 1399 733 1476 lupdunensi‚
748 1406 778 1460 et
790 1401 919 1460 caeteris
933 1402 1143 1478 primatibus,·
1158 1401 1195 1462 de
1210 1401 1387 1460 discrimine
1401 1401 1613 1471 clericorum,

377 1507 406 1561 et
426 1501 575 1559 laicorura
595 1517 634 1559 66
653 1501 721 1559 iure
743 1479 857 1574 diuino,
880 1499 977 1576 deque
995 1503 1103 1577 forata
1124 1501 1287 1576 repininis
1313 1497 1544 1571 enlesiastiei5
1578 1498 1615 1558 de

376 1605 510 1675 ternpore
529 1597 639 1676 synodi
654 1598 818 1674 plenariae
839 1598 1027 1672 sirmiensis,·
1048 1599 1085 1660 de
1106 1599 1244 1676 antiquis
1272 1615 1432 1660 canonum
1458 1597 1615 1658 collectio-

376 1697 472 1757 nibus.
495 1696 582 1756 Alias
614 1697 755 1756 eiusdem
785 1697 1024 1758 dissertationes
1046 1692 1245 1775 posthumae,
1268 1715 1376 1759 sacras
1399 1702 1437 1759 61
1460 1697 1617 1759 ecclcsia-

377 1795 474 1856 sticas
496 1814 567 1855 cum
588 1794 678 1857 Petri
700 1795 887 1874 biographia
910 1797 1008 1856 edidit
1029 1798 1066 1859 P.
1090 1798 1126 1856 de
1147 1799 1258 1876 Faget.

435 1896 544 1956 locun.
568 1892 1019 1976 1166616666681611662.
1039 1895 1238 1972 Theoloyiant
1257 1894 1438 1956 uuiversum
1461 1895 1497 1954 5.
1524 1895 1610 1954 Tout.

377 1993 557 2084 complexus
567 1997 616 2053 661
625 1993 807 2072 etvulgavit
823 1995 880 2054 sub
892 1993 1014 2054 nomi-ne
1025 1995 1431 2073 anagrammaticoAntauii
1445 1994 1612 2055 Moraines

303 2124 311 2136 ·
377 2092 513 2152 alterum
537 2111 613 2169 opus
642 2093 846 2153 utilissimum
871 2093 1061 2171 inscriptum
1092 2093 1343 2154 Anti-lansenius
1373 2095 1403 2152 lt.
1427 2111 1455 2154 e.
1485 2094 1613 2154 selectae

378 2189 598 2267 disputationes
613 2190 650 2250 de
663 2191 781 2251 haeresi
793 2191 975 2267 priapiana,
990 2193 1234 2270 semipelapiana
1250 2191 1346 2268 616666
1358 2193 1460 2252 uariis
1475 2193 1610 2250 statibus

259 2367 265 2380 .
374 2269 532 2348 ‘humanae
550 2295 696 2361 naturae,
719 2297 748 2350 et
768 2289 932 2365 depretia
955 2291 1070 2350 Christi
1089 2291 1272 2362 Saloutaria,
1295 2290 1385 2350 cuius
1408 2291 1522 2368 operis
1540 2291 1611 2351 dum

379 2389 544 2448 secundam
566 2389 796 2464 auctioremque
817 2388 984 2448 editionem
1006 2394 1146 2462 curaret,
1170 2409 1186 2448 e
1205 2390 1293 2449 vivis
1314 2391 1470 2450 excessit.

437 2489 634 2550 Tnaoramus
665 2489 855 2549 Rnruuaous
881 2486 912 2546 S.
945 2489 970 2546 I.
999 2485 1036 2568 (†
1069 2485 1168 2567 1663).
1200 2487 1303 2548 Η6166
1331 2487 1609 2566 praestantissimi

301 2592 303 2597 ’
378 2587 515 2664 theologi
545 2604 639 2664 opera
667 2586 854 2664 prodierunt
883 2603 960 2644 cura
981 2587 1015 2646 P.
1041 2588 1152 2646 Bertet
1181 2589 1267 2647 Tam.
1296 2587 1344 2647 19.
1375 2588 1610 2665 comprehensa

378 2685 521 2764 sequenti
543 2687 660 2744 ordine:
692 2687 779 2744 Tam.
808 2686 832 2744 Ι.
867 2683 1033 2760 Theolopia
1048 2691 1181 2762 patrum
1208 2687 1295 2745 Tom.
1326 2683 1355 2744 2.
1377 2685 1415 2746 de
1444 2685 1612 2747 attributis

379 2785 504 2845 Christi.
539 2783 573 2843 T.
606 2785 639 2842 3.
669 2783 800 2842 Moralis
829 2782 1004 2860 disciplina,
1033 2800 1109 2860 opus
1131 2801 1193 2860 quo
1224 2784 1386 2844 subtilitas
1410 2783 1612 2845 scholastica

378 2884 543 2944 literarum
573 2882 759 2942 amoenitate
790 2885 1000 2959 temperatur,
1029 2883 1186 2961 principia
1213 2883 1421 2943 stabiliuntur
1453 2884 1541 2944 iuris
1572 2899 1610 2940 ex

378 2982 576 3042 ethnicorum
593 2984 625 3040 61
636 2981 883 3041 christianorum
894 2983 1069 3060 sapientum
1085 2981 1286 3042 defloratione
1297 2982 1499 3057 concinnata3
1518 2983 1605 3042 Tom.

378 3083 406 3139 4.
430 3081 468 3141 de
488 3080 652 3139 uirtutibus
671 3087 701 3140 et
720 3081 810 3138 uitiis.
834 3082 920 3140 Tam.
943 3080 973 3142 5.
1000 3081 1166 3158 tneoloptu
1186 3079 1352 3140 naturalis.
1375 3081 1462 3140 Tam.
1487 3081 1519 3140 6.
1540 3069 1615 3139 666-Ι

379 3184 444 3240 6161
464 3197 571 3256 opusc.
594 3180 811 3240 eucharisticis.
834 3179 922 3239 Tam.
946 3181 991 3241 7.⁰
1008 3181 1210 3240 continentur
1229 3178 1385 3258 Marialia
1398 3195 1437 3240 so.
1452 3178 1608 3257 diptycha

378 3281 538 3351 uenena,
559 3279 721 3356 scapulare
748 3279 930 3337 marianum
956 3279 1147 3338 illustratura
1177 3285 1206 3338 61
1232 3261 1402 3353 defensum,
1429 3276 1608 3338 dissertatio

379 3377 416 3436 de
433 3367 595 3436 retinendo
616 3376 704 3434 titulo
723 3377 943 3436 irnrnaaulatae
957 3383 1090 3453 concept.
1107 3377 1261 3454 Deiparae
1286 3375 1374 3450 Virp.
1391 3377 1607 3436 nomenclator

379 3475 552 3535 marianus.
576 3475 663 3532 Tam.
687 3474 714 3532 8.
740 3473 928 3533 inscribitur
948 3474 1173 3550 Hapiolopiura
1188 3473 1377 3549 laudunense
1393 3472 1426 3531 in
1442 3492 1505 3549 quo
1520 3489 1610 3551 prae·

381 3579 431 3634 ter
452 3571 705 3633 dissertationem
728 3571 763 3630 de
785 3571 920 3630 diversis
943 3571 1063 3632 sanetis
1078 3577 1128 3632 661
1141 3573 1266 3630 libellus
1279 3561 1452 3647 inscriptus
1470 3593 1487 3627 «
1503 3570 1608 3632 Maria

312 3675 314 3684 '
352 3670 579 3732 ‘immaculate
601 3673 751 3747 concepta
765 3669 881 3746 primos
897 3671 929 3728 in
943 3671 1047 3732 Gallia
1068 3671 1200 3730 honores
1222 3669 1369 3760 Lugduni
1383 3674 1566 3730 consecuta.
1590 3689 1607 3724 »

381 3772 465 3830 Tem.
487 3769 517 3829 9.
538 3767 763 3844 Hapiolopiunt
783 3768 944 3832 66611666.
974 3769 1059 3828 Το6.
1086 3770 1133 3830 10.
1155 3767 1324 3846 Pontificia
1344 3767 1377 3826 in
1398 3787 1459 3844 quo
1480 3771 1608 3846 praeter

381 3868 444 3928 alia
455 3870 544 3928 extat
556 3866 678 3926 Corona
687 3884 785 3926 aurea
793 3884 890 3944 supra
899 3868 1049 3928 mithram
1059 3885 1138 3928 rant.
1150 3873 1240 3946 pont.
1253 3867 1429 3926 selectorum
1441 3868 1606 3926 titulorura

381 3966 489 4044 quidus
518 3965 646 4025 66661116
667 3972 696 4024 61
710 3972 819 4044 patres
842 3983 920 4025 rant.
937 3973 1024 4044 pant.
1049 3974 1078 4027 61
1096 3966 1173 4026 sadis
1192 3965 1318 4041 apostol.
1345 3966 1540 4026 maiestatem
1561 3979 1607 4022 oo·

379 4070 547 4133 ranarunt,
560 4063 719 4124 illustrata
737 4065 879 4124 collectio.
902 4065 987 4123 Tam.
1010 4066 1057 4124 11.
1081 4065 1189 4124 critica
1209 4081 1299 4122 saara
1314 4062 1399 4124 inter
1420 4082 1498 4140 quae
1520 4079 1607 4139 repe-

381 4168 444 4223 ries
464 4164 649 4222 Erotemata
670 4161 707 4223 de
728 4163 818 4223 raalis
837 4180 873 4222 ac
893 4164 977 4222 donis
996 4164 1080 4222 libris
1105 4162 1201 4238 deque
1225 4163 1307 4222 iusta
1333 4169 1390 4221 aut
1416 4163 1533 4242 iniusta
1557 4180 1608 4226 aa.

380 4261 523 4322 rumdern
542 4261 726 4340 6661161666,
748 4260 857 4342 (16666
873 4263 1076 4340 corrigantur
1095 4260 1254 4338 prohibita
1269 4263 1331 4320 deo.
1350 4261 1479 4321 10.1un.
1499 4263 1606 4358 1659.)

382 4361 458 4420 Eius
477 4360 573 4420 editio
593 4358 712 4436 prodiit
732 4361 832 4437 Lugd.
849 4360 936 4422 1650.
966 4363 1051 4420 Tam.
1070 4360 1118 4420 12.
1135 4391 1156 4403 -
1168 4359 1306 4419 Miscella
1318 4377 1409 4420 saura
1423 4361 1508 4422 inter
1524 4379 1603 4438 quae

381 4463 489 4519 exstat
508 4460 558 4518 lid.
581 4459 618 4520 de
641 4460 730 4519 neatis
749 4461 897 4518 banorum
924 4459 1189 4519 666166666666666
1214 4459 1294 4518 6616
1310 4477 1369 4536 per
1388 4460 1604 4540 beneficiarios

381 4565 577 4635 caplatorum
598 4566 654 4621 aut
672 4559 927 4636 dispensatorum.
958 4557 1148 4618 Dissertatio
1169 4558 1206 4617 de
1229 4559 1331 4616 sobria
1357 4559 1484 4620 alterius
1503 4574 1589 4618 senus
