3444 5358
408 391 508 453 Ainus
528 389 570 472 (a.
593 387 679 470 317.)
699 391 777 450 Tres
799 391 960 468 professus
988 393 1182 469 estquidam
1212 405 1373 468 personas,
1398 391 1457 450 sed
1480 391 1583 450 solum

347 489 475 548 Patrem
500 489 598 548 Deum
631 488 770 548 asseruit
797 507 919 562 verum,
941 493 1104 551 aeternum
1124 494 1157 549 et
1178 487 1430 548 immutabilem:
1458 487 1584 548 Filium

348 589 462 647 natura
482 585 747 663 perfectissimum
768 588 806 645 ad
827 588 934 646 mundi
956 587 1048 648 initia
1069 587 1188 648 factu-m
1210 604 1245 646 ac
1268 588 1303 644 nt
1324 584 1583 644 instrumentum

346 685 383 744 ad
405 684 596 744 creationem
623 687 839 760 assumptum,
858 703 918 742 non
941 689 1043 745 tamen
1073 685 1164 744 Patri
1190 681 1502 742 consubstantialem
1528 701 1585 741 nec

346 781 513 842 attributis
534 781 709 857 aequalem:
728 782 778 858 Sp.
795 782 945 841 Sanctum
960 786 1138 842 creaturam
1155 782 1214 841 filii
1236 779 1354 839 statuit
1368 783 1583 856 cooperatum

347 880 380 939 in
405 879 563 938 creatione
590 878 742 938 universi.
768 912 784 924 -
806 879 994 940 semiariani
1026 880 1209 940 asserebant
1235 880 1361 937 Patrem
1392 881 1427 935 et
1458 877 1584 936 Filium

347 997 408 1038 non
428 977 566 1037 eiusdem
594 977 663 1036 esse
694 977 904 1050 substantiae,
929 979 984 1036 sed·
1013 981 1117 1037 tamen
1144 977 1261 1038 Filium
1295 976 1409 1034 habere
1444 975 1584 1034 similem

347 1077 558 1136 substantiam
579 1093 648 1134 cum
671 1077 776 1136 Patre.

406 1175 571 1234 Gouturus
590 1172 631 1254 (a.
652 1170 739 1251 324.)
760 1175 856 1233 Deum
878 1174 1009 1251 negavit
1029 1177 1189 1234 auctorem
1208 1190 1324 1250 poenae
1345 1176 1378 1231 et
1397 1172 1490 1231 mali.

404 1272 532 1331 Aunaus
552 1288 589 1331 nc
610 1272 747 1333 Anniani
769 1270 1259 1351 sau1aurnaorou0ann1ma(a.
1280 1267 1367 1348 325)
1388 1272 1495 1330 Deum
1528 1287 1585 1346 pu-

346 1371 458 1428 tarunt
479 1387 662 1446 corporeum
685 1373 718 1428 et
740 1370 778 1429 ad
803 1370 870 1428 eius
896 1370 1065 1447 imaginem
1094 1355 1251 1428 hominem
1275 1369 1370 1428 etiam
1400 1368 1583 1427 secundum

347 1484 460 1544 corpus
482 1465 602 1526 factum
624 1467 724 1526 fuisse
746 1467 931 1528 docuerunt.

406 1565 570 1625 Pnortnus
590 1563 632 1645 (a.
653 1563 739 1644 343.)
753 1565 952 1643 coniungens
979 1566 1107 1626 Sabellii
1128 1570 1161 1624 et
1184 1565 1275 1626 Pauli
1290 1563 1491 1625 Samosateni
1508 1565 1584 1622 hae-

345 1661 440 1721 resim
462 1663 560 1722 Deum
582 1663 760 1723 solitarium
783 1663 877 1736 dixit,
899 1665 1018 1724 nullam
1038 1664 1136 1727 Verbi
1157 1668 1189 1723 et
1211 1665 1263 1740 Sp.
1288 1663 1397 1723 Sancti
1413 1679 1488 1722 esse
1511 1679 1584 1738 per-

344 1777 450 1820 sonam
462 1763 526 1820 ·sed
546 1779 662 1822 meram
684 1760 793 1822 Patris
812 1761 1028 1822 extensionem
1049 1764 1087 1822 ad
1111 1767 1216 1822 extra.
1233 1762 1396 1822 Christum
1411 1760 1583 1837 accepisse

343 1876 362 1917 a
382 1858 485 1918 Maria
505 1859 645 1934 initium,
668 1878 849 1936 merumque
871 1876 939 1919 esse
960 1861 1128 1920 hominem.

403 1957 595 2018 Messeniani
616 1958 657 2039 (a.
681 1955 767 2036 352.)
789 1958 871 2018 Solis
901 1959 1047 2035 precibus
1073 1959 1255 2018 tribuebant
1276 1957 1392 2029 omnia,
1415 1956 1503 2016 nihil
1527 1956 1584 2015 Sa-

343 2057 525 2130 cramentis,
549 2057 666 2116 ieiunio
686 2060 742 2117 aut
769 2057 879 2116 labori:
905 2057 1059 2117 illusoriis
1089 2058 1337 2118 revelationibus
1366 2074 1399 2116 se
1430 2057 1582 2130 aliosque

343 2153 508 2228 fallebant,
530 2155 671 2215 oratione
693 2155 850 2213 hominem
869 2155 988 2214 elevari
1010 2157 1048 2214 ad
1063 2157 1257 2233 corporalem
1273 2156 1373 2232 ipsius
1390 2153 1579 2215 Trinitatis

344 2251 510 2324 visionem,
531 2257 563 2313 et
586 2256 746 2329 peccatum
767 2253 921 2330 originale
943 2256 975 2313 in
992 2255 1096 2313 radice
1112 2260 1185 2332 post
1200 2254 1390 2330 baptismum
1405 2269 1579 2312 remanere

344 2351 528 2412 docuerunt.

404 2450 539 2510 Aeriam
561 2449 602 2529 (a.
636 2447 721 2529 358.)
747 2451 867 2511 Ariano
898 2452 1037 2529 dogmati
1065 2453 1182 2512 scricte
1211 2452 1423 2523 inhaerentes,
1452 2450 1577 2511 Filium

343 2548 434 2608 Patri
455 2548 651 2620 dissimilem,
674 2549 887 2608 heterousium
909 2555 942 2608 et
963 2550 1139 2609 subiectum
1161 2549 1320 2609 dixerunt.

404 2646 624 2706 Mannnoutaur
646 2645 687 2725 (a.
702 2644 786 2714 360.)
798 2649 825 2705 A
840 2645 1023 2706 Macedonio
1039 2648 1193 2725 Episcopo
1208 2646 1577 2724 Constantinopolitano,

342 2742 621 2804 Pneumatomachi
643 2761 661 2802 a
682 2745 825 2821 dogmate
847 2746 1032 2822 nuncupati,
1056 2747 1182 2804 eandem
1203 2745 1343 2821 Spiritus
1366 2746 1477 2805 Sancti
1501 2763 1575 2804 cum

343 2841 436 2900 Patre
458 2845 489 2902 et
509 2840 592 2900 Filio
613 2846 759 2902 naturam
781 2849 949 2920 negarunt,
973 2863 1064 2920 quem
1079 2843 1262 2903 divinitatis
1285 2846 1460 2920 expertem,
1485 2861 1578 2904 crea-

343 2942 460 3012 turam,
482 2939 633 3002 iamulum
655 2946 688 3002 et
708 2941 889 3002 ministrum
919 2943 1186 3020 blasphemabant.

402 3039 584 3101 Eunonmru
605 3040 647 3121 (a.
668 3037 754 3118 360.)
774 3041 844 3102 Non
874 3041 976 3100 minus
1005 3042 1100 3118 impie
1128 3045 1220 3118 qitarn
1249 3041 1363 3101 stolide
1392 3041 1572 3108 iactabant,

343 3153 375 3194 se
395 3135 534 3212 perfecte
555 3141 653 3198 Deum
678 3139 879 3214 divinamque
895 3139 1071 3202 Essentiam
1088 3139 1121 3197 in
1136 3141 1194 3199 hac
1210 3139 1280 3198 vita
1296 3138 1571 3214 comprehendere.

403 3235 608 3297 Lucirsmnnr
629 3235 670 3316 (a.
691 3233 777 3315 362.)
798 3236 1000 3296 Schismatici
1022 3256 1040 3295 a
1061 3236 1210 3296 Lucifero
1231 3236 1376 3313 episcopo
1392 3235 1573 3294 calaritano

344 3331 390 3389 sio
412 3331 574 3407 appellati,
596 3333 650 3408 qui
673 3337 770 3391 semet
791 3333 829 3391 ab
851 3333 994 3392 Ecclesia
1015 3335 1188 3410 separavit,
1213 3335 1294 3410 qnod
1324 3334 1392 3409 ipsa
1413 3331 1573 3408 reciperet

344 3427 507 3506 episcopos
535 3431 574 3489 ab
602 3430 782 3490 arianorum
803 3435 835 3490 et
857 3430 1114 3490 semiarianorum
1142 3432 1286 3507 partibus
1317 3431 1441 3489 sincero
1463 3431 1572 3488 animo

346 3543 502 3585 reversos.

355 3679 358 3684 ,
405 3625 569 3685 Uasminru
590 3623 632 3704 (a.
655 3623 738 3703 366).
761 3626 939 3684 Sectatores
962 3626 1103 3687 Ursicini
1118 3626 1297 3702 antipapae,
1320 3625 1373 3700 qui
1396 3628 1426 3687 S.
1442 3624 1573 3686 Damasi

345 3719 529 3780 electionem
552 3723 724 3782 schismate
746 3723 901 3782 turbavit.
1528 3739 1530 3744 ’

401 3819 665 3900 Oarenuisrna(a.
679 3821 763 3895 372„
785 3822 947 3880 Haeretici
963 3822 1016 3898 qui
1032 3839 1104 3880 suos
1120 3840 1243 3881 errores
1260 3815 1296 3880 de
1313 3824 1568 3899 praeexistentia

344 3915 531 3987 animarum,
553 3919 650 3992 deque
670 3919 807 3980 omnium
828 3937 947 3990 rerum,
970 3926 1063 3995 atque
1081 3922 1155 3980 adeo
1170 3921 1265 3978 etiam
1280 3921 1499 3981 damnatorum
1523 3923 1573 3980 in-

346 4012 553 4084 stauratione,
574 4014 721 4092 Origenis
744 4017 865 4075 nomine
887 4019 1017 4076 tuendos
1041 4024 1206 4076 curarunt.

402 4113 635 4174 Arontlnnntus
656 4113 697 4192 (a.
720 4111 802 4192 373).
827 4115 1003 4173 Macedonii
1019 4115 1193 4192 discipulus
1211 4117 1338 4175 errabat
1360 4117 1446 4176 circa
1461 4117 1567 4176 Trini-

344 4213 442 4269 tatem
465 4211 526 4268 iam
549 4227 619 4268 cum
641 4211 789 4284 Sabellio,
812 4213 875 4271 iam
890 4231 960 4272 cum
975 4213 1061 4272 Ario:
1076 4213 1213 4271 Verbum
1235 4215 1351 4287 aiebat,
1366 4217 1566 4292 supplevisse

345 4306 377 4364 in
398 4308 525 4368 Christo
547 4307 609 4367 iam
630 4312 728 4368 totam
749 4309 896 4383 animam,
920 4311 981 4369 iam
1014 4311 1111 4370 solam
1144 4316 1289 4384 mentem,
1321 4319 1392 4389 post
1424 4295 1569 4374 resurre-

344 4403 479 4463 ctionem
509 4407 719 4466 universalem
750 4407 890 4484 fingebat
921 4409 1094 4468 redituram
1114 4411 1186 4470 Vet.
1209 4410 1288 4486 legis
1318 4411 1563 4472 observantiam.

403 4502 627 4568 contraierant
647 4505 689 4586 (a.
712 4503 793 4583 374).
815 4505 982 4581 Deiparam
1002 4507 1166 4584 Virginem
1188 4525 1244 4584 pro
1265 4509 1520 4570 Deahabebant.
