3444 5358
916 333 954 348 -
978 303 1036 363 146
1054 335 1095 350 -

454 399 728 478 Β1111011111(0
768 397 869 478 1047).
905 401 1291 462 Transubstantiationem
1320 404 1414 464 simul
1435 409 1470 464 et
1499 403 1613 465 Christi

392 496 602 570 praesentiam
633 497 808 569 inficiatus,
841 497 1012 560 affirmavit
1026 499 1249 560 Eucharistiae
1282 507 1514 570 sacramentum
1549 519 1614 560 esse

392 609 509 651 meram
531 594 672 670 corporis
693 599 725 653 et
748 595 913 672 sanguinis
935 595 1058 655 Christi
1079 596 1223 673 figuram.
1240 599 1375 674 Insuper
1389 600 1475 658 solos
1491 599 1612 658 adultos

390 687 595 765 baptizandos
617 692 725 750 docuit
745 695 778 751 et
799 692 1026 754 scortationem
1047 693 1168 754 licitam
1190 695 1334 756 tradidit.

448 771 633 849 Iuensrucsr
655 789 696 867 (a.
724 787 824 867 1065).
848 790 1042 850 deserebant
1056 790 1296 852 Matrimonium
1308 793 1341 852 in
1356 796 1472 868 quarto
1487 810 1616 854 consau-

388 883 557 959 guinitatis
580 887 679 962 gradu
701 905 762 944 non
783 905 852 946 esse
876 887 1038 946 illicitum.

443 983 579 1044 Waumo
600 982 641 1064 (a.
667 983 768 1062 1080).
793 985 934 1061 Negavit
950 986 1109 1044 seculares
1124 985 1288 1046 subiacere
1301 987 1525 1048 ecclesiastico
1539 987 1617 1048 iudi-

389 1078 450 1151 cio,
467 1084 523 1139 aut
543 1077 812 1141 excommunicari
837 1099 938 1158 posse.
999 1151 1001 1156 Ι

448 1177 988 1258 3010111111111.1090190011
1019 1183 1086 1239 tres
1117 1198 1266 1257 personas
1298 1182 1331 1240 in
1363 1184 1427 1242 Deo
1458 1199 1529 1240 esse
1552 1186 1615 1240 tres

389 1289 439 1332 res
461 1275 499 1332 ab
521 1275 658 1335 invicem
688 1277 871 1349 distinctas,
894 1280 932 1336 ad
954 1293 1072 1338 morem
1106 1279 1203 1338 trium
1224 1279 1418 1356 Angelorum
1439 1280 1493 1338 vel
1516 1278 1613 1338 homi-

387 1389 476 1443 num,
499 1391 561 1432 una
581 1378 685 1432 tamen
706 1375 872 1450 eademque
894 1375 1059 1435 voluntate
1080 1381 1113 1436 et
1134 1379 1292 1452 potestate
1313 1377 1485 1452 praeditas:
1511 1391 1615 1436 omnes

384 1469 521 1526 eamdem
549 1471 758 1546 assumpsisse
790 1478 936 1532 naturam
966 1473 1143 1546 humanam,
1173 1491 1305 1550 vereque
1336 1474 1399 1534 dici
1431 1492 1526 1550 posse
1552 1477 1615 1530 tres

387 1565 480 1636 Dece,
502 1566 530 1623 si
552 1585 628 1625 usus
650 1567 708 1626 hoc
731 1569 939 1644 permitteret.

865 1862 1047 1923 SAECULO
1068 1862 1140 1924 XII.

446 2055 667 2116 Tuucuamnus
697 2054 740 2134 (a.
773 2054 873 2134 1108).
907 2057 1122 2118 Contendebat
1153 2058 1375 2118 Eucharistiae
1403 2059 1613 2138 sumptionem

385 2150 465 2208 nihil
487 2154 632 2227 prodesse
663 2157 808 2212 aeternae
841 2155 952 2228 saluti,
975 2156 1203 2234 Episcoporum
1234 2174 1310 2216 vero
1342 2162 1375 2215 ot
1406 2159 1613 2218 Sacerdotum

385 2247 598 2308 ministerium
620 2250 713 2310 inane
733 2269 802 2310 esse
822 2258 855 2312 et
876 2271 894 2311 a
915 2254 1043 2312 Christo
1064 2272 1232 2330 numquam
1259 2255 1456 2316 institutum.

445 2349 573 2410 Parrus
592 2348 801 2409 Ascatancas
821 2349 863 2430 (a.
891 2349 990 2430 1116).
1007 2353 1151 2428 Negabat
1163 2352 1354 2412 Trinitatem
1370 2371 1441 2412 cum
1456 2353 1607 2422 Sabellio,

383 2449 416 2504 et
436 2445 558 2506 Christi
579 2446 781 2506 divinitatem
802 2465 872 2506 eum
892 2449 980 2506 Ario,
1005 2449 1144 2508 Docebat
1167 2451 1243 2508 duas
1264 2450 1298 2507 in
1313 2451 1441 2509 Christo
1457 2465 1610 2526 personas

384 2563 455 2602 cum
476 2545 639 2618 Nestorio,
662 2550 694 2604 et
726 2544 849 2620 gratiae
880 2546 1003 2606 Christi
1034 2546 1257 2606 necessitatem
1276 2565 1347 2606 cum
1368 2547 1501 2632 Pelagio
1523 2564 1612 2624 repu-

384 2643 491 2703 diabat
506 2643 527 2700 ¹.

442 2739 661 2820 Boeou1n1(a.
687 2737 788 2818 1118).
810 2743 910 2804 Vetus
939 2745 1162 2802 testamentum
1193 2741 1392 2816 reiiciehant,
1414 2743 1547 2820 psalmis
1577 2744 1610 2800 et

384 2837 547 2917 prophetis
577 2837 729 2914 exceptis:
763 2839 934 2901 Trinitatis
961 2859 1084 2912 nomen,
1107 2841 1154 2899 rei
1185 2839 1322 2900 veritate
1343 2846 1468 2918 negata,
1490 2841 1609 2902 retine·
1660 2915 1666 2924 ι

383 2937 469 2998 bant:
503 2939 539 2996 de
570 2937 788 2996 incarnatione
817 2937 914 3000 Verbi
944 2938 1038 3016 impie
1069 2938 1259 3012 sentiebant3
1283 2939 1403 2998 cultum
1424 2957 1549 3000 omnem
1571 2937 1608 2998 ad

382 3037 555 3096 orationem
577 3035 765 3095 dominicam
787 3035 982 3112 redigebant,
1006 3037 1148 3097 fraudem
1169 3037 1313 3112 quamvis
1346 3037 1442 3096 licere
1463 3043 1610 3098 autuma-

381 3138 459 3192 runt
480 3135 518 3192 ad
542 3134 687 3193 vitandas
709 3152 837 3210 poenas,
860 3135 1026 3212 religionis
1048 3153 1144 3194 causa
1165 3135 1316 3194 inflictas.

441 3231 696 3294 Paruoaausrnm
718 3232 760 3311 (a.
785 3229 885 3310 1119).
907 3233 1068 3291 Docebant
1083 3233 1279 3310 Baptismum
1301 3251 1362 3290 non
1378 3250 1446 3291 esse
1461 3231 1606 3309 parvulis

381 3330 608 3400 necessarium,
630 3331 791 3390 Christum
813 3349 874 3388 non
894 3347 962 3389 esse
993 3330 1026 3388 in
1053 3332 1271 3404 Eucharistia,
1292 3348 1401 3406 preces
1422 3347 1479 3406 pro
1499 3330 1609 3390 defun·

381 3427 443 3486 ctis
464 3444 532 3484 esse
553 3427 695 3486 inutiles.

439 3526 609 3586 Arulenus
630 3527 720 3586 Bnrx.
743 3524 783 3602 (a.
811 3525 911 3603 1138).
932 3527 1027 3592 Quem
1049 3527 1206 3586 Baronius
1240 3526 1379 3602 appellat
1401 3526 1605 3603 politicorum

380 3623 612 3682 haereticorum
643 3623 856 3700 patriarcham
886 3629 918 3683 et
939 3624 1126 3701 principem,
1156 3628 1282 3701 praeter
1310 3640 1459 3682 erroneas
1485 3625 1521 3682 de
1547 3623 1606 3682 Eu-

380 3721 535 3781 charistia
553 3734 586 3780 et
606 3721 864 3798 Paedobaptismo
879 3722 1039 3798 opiniones
1055 3725 1091 3781 de
1106 3723 1221 3798 quibus
1236 3721 1458 3795 accusabatur,
1478 3729 1606 3782 conten-

379 3819 473 3878 debat
493 3819 573 3878 boua
595 3819 780 3896 temporalia
802 3819 905 3878 omnia
926 3820 1017 3880 laicis
1048 3838 1116 3880 esse
1149 3819 1356 3881 adiudicanda
1376 3824 1408 3878 et
1429 3839 1465 3880 ea
1486 3819 1604 3882 iniuste

378 3916 513 3976 detineri
534 3935 553 3975 a
575 3917 717 3978 Clericis:
742 3919 877 3978 salutem
899 3936 960 3977 non
981 3937 1072 3995 posse
1106 3916 1255 3992 consequi
1279 3916 1450 3996 Episcopus
1471 3917 1605 3996 Regalis

378 4019 434 4074 aut
454 4015 625 4074 Monachus
646 4016 862 4091 possessiones
884 4017 1047 4089 habentes,
1070 4035 1107 4078 ac
1122 4019 1212 4084 Rom.
1230 4013 1418 4076 Pontificem
1433 4017 1530 4078 civile
1551 4019 1602 4076 do-

379 4112 511 4176 minium
533 4111 670 4170 retinere
691 4131 752 4172 non
773 4132 874 4190 posse.

432 4247 442 4288 1
463 4247 500 4290 Ex
516 4245 549 4290 iis
564 4245 648 4301 liquet
664 4255 744 4302 quam
760 4245 860 4290 falsum
875 4247 920 4302 sit,
936 4249 1004 4304 quod
1020 4247 1167 4296 acatholici
1183 4248 1288 4305 aliquot
1299 4247 1476 4304 scripserunt,
1490 4251 1601 4294 Petrum

377 4317 560 4374 abaelardum
575 4317 602 4361 in
617 4327 666 4361 sua
681 4317 790 4362 docendi
805 4318 913 4364 ratione
936 4319 962 4364 id
977 4322 1054 4366 unice
1068 4323 1211 4376 spectasse,
1233 4323 1262 4364 ut
1279 4320 1363 4366 salvis
1381 4321 1518 4378 dogmatis
1532 4323 1602 4368 chri-

377 4386 483 4440 stianis,
498 4388 599 4434 iustam
615 4387 821 4444 philosophandi
841 4390 998 4436 libertatem
1014 4393 1167 4438 hominibus
1187 4397 1336 4440 assereret:
1357 4397 1523 4440 Beruardum
1540 4406 1601 4441 vero

376 4459 606 4504 claravallensem
621 4471 653 4506 ea
668 4461 755 4504 mente
771 4461 813 4507 illi
829 4461 971 4518 restitisse,
986 4475 1018 4509 ne
1033 4475 1081 4521 per
1096 4467 1243 4512 abaelardi
1264 4478 1414 4513 successum
1430 4469 1471 4514 sui
1487 4471 1600 4516 nominis

376 4530 467 4586 gloria
482 4531 683 4578 obscuraretur·
