3444 5358
378 366 609 427 (lentiliacense
630 368 666 427 de
687 365 892 427 Processione
912 269 1048 444 spiiys
1070 370 1103 427 et
1124 365 1214 426 cultu
1236 366 1335 442 lmag.

375 466 551 526 Romanum
573 469 686 526 contra
705 465 928 525 iconomachos
949 468 982 524 et
1004 464 1176 525 violatores
1200 463 1290 526 Sedis
1311 464 1401 524 Rom.

375 563 606 626 Antiochenum
626 581 684 642 pro
704 563 793 623 cultu
816 563 1002 640 imaginum.

375 663 760 742 Constantinopolitanum
780 661 820 721 ab
841 660 1049 722 iconoclastis
1071 659 1261 736 disruptum.

376 761 605 834 Foroiuliense,
628 761 835 839 Symbolum,
857 760 930 820 (lan.
956 758 1003 818 14.

375 859 579 920 Narbonense
599 876 656 937 pro
678 858 832 918 filiatione
854 857 912 919 Dei
933 856 1086 917 naturali.

374 957 618 1029 Ratisbonense,
641 975 698 1034 pro
718 957 835 1015 eadem.

375 1053 657 1115 Francofordiense
677 1071 735 1131 pro
754 1053 859 1114 eadem
881 1054 993 1112 contra
1014 1049 1163 1112 Felicem.

375 1153 597 1213 Finehallense
618 1152 733 1230 recipit
753 1152 810 1212 cc.
834 1169 904 1228 gen.
926 1149 970 1220 5.,
993 1151 1077 1210 decr.
1101 1149 1137 1208 de
1158 1145 1324 1208 Paschate.
1443 1201 1453 1216 ,

376 1251 635 1323 Becanceldensa,
658 1248 732 1309 Gan.
754 1250 790 1308 de
813 1247 999 1310 Ecclesiast.
1021 1245 1232 1306 immunitate.

375 1349 550 1408 &manum
572 1348 699 1409 damnat
719 1345 838 1406 Felicis
859 1345 1006 1406 haeresin
1027 1348 1060 1404 et
1079 1342 1243 1420 epistolas.

376 1445 643 1525 aquisgranense,
665 1444 802 1506 Felicem
825 1443 1062 1521 resipiscentem
1082 1440 1207 1518 recipit.

289 1569 293 1574 ·
374 1543 638 1604 cloveshoviense
660 1541 799 1604 Profess.
821 1541 906 1614 fldei,
927 1542 1040 1601 contra
1062 1542 1277 1616 usurpatores.

373 1641 472 1702 Plura
491 1659 548 1720 pro
569 1639 799 1718 capitularibus
820 1640 935 1701 Franc.
958 1638 1017 1698 hoc
1037 1641 1071 1698 et
1092 1653 1157 1712 seq.
1178 1635 1295 1696 seculo.

853 1956 1036 2018 SAEOULO
1059 1957 1115 2017 IX.

377 2226 607 2288 Ratishonense
628 2226 665 2285 de
686 2222 936 2302 chorepiscopis.

373 2323 638 2386 cloveshoviense
659 2325 792 2384 renovat
812 2322 920 2382 anath.
942 2326 1027 2383 cont.
1053 2323 1269 2399 usurpatores.

320 2453 331 2474 ι
373 2422 614 2500 Salisburgense
636 2421 672 2480 de
694 2420 835 2481 decimis.

371 2520 629 2597 aquisgranense
649 2518 685 2577 de
706 2517 904 2594 processione
926 2517 1065 2594 Spiritus
1086 2517 1118 2578 S.

372 2617 548 2677 Romamn
570 2617 606 2675 de
626 2615 786 2676 additione
807 2614 949 2692 Symboli
968 2615 1121 2691 Filioque.

374 2810 753 2888 constantinopolitanum
772 2809 1044 2870 iconoclastarum.

371 2909 639 2988 aquisgranense,
662 2907 808 2970 Institut.
830 2909 978 2970 Canania.
1001 2913 1035 2970 et
1054 2909 1252 2972 Monialium.

371 3008 640 3086 Aquisgranense,
661 3007 805 3068 Institut.
827 3009 1046 3087 Regularium.

372 3104 647 3167 choveshoviense
666 3104 703 3164 de
723 3104 810 3165 Eccl.
832 3109 865 3166 et
887 3106 955 3168 vita
976 3107 1116 3186 regular.

371 3202 613 3280 compendiense
632 3206 744 3264 contra
764 3203 895 3264 abusum
917 3221 1022 3264 rerum
1043 3222 1216 3266 sacrarum.

371 3299 550 3360 Parisiense
571 3301 608 3360 de
628 3300 834 3379 Imaginibus.

372 3397 619 3476 ingelheimense
640 3403 752 3458 contra
771 3402 928 3477 raptores.

372 3493 613 3573 compendiense
633 3498 822 3556 exauctorat
842 3496 1037 3557 Ludovicum
1059 3497 1161 3558 Pium.

373 3593 405 3654 S.
429 3592 657 3671 Dionysianum
679 3593 824 3655 restituit
844 3595 997 3654 eumdem.

374 3691 754 3770 Comiculiuopolilcuuvu
773 3698 884 3752 contra
902 3690 1069 3754 Nicolaum
1089 3693 1284 3772 Pontificem.

372 3788 593 3850 Britannicum
614 3792 647 3850 et
667 3790 842 3851 Romanum
864 3791 900 3850 de
922 3791 1022 3852 ordin.
1047 3791 1229 3852 simoniaca.

372 3885 595 3963 Mcguntinum
617 3889 745 3948 damnat
766 3888 1032 3950 Gotteschalcum.

372 3982 579 4058 carisiacum,
602 3986 694 4046 Decr.
717 3987 747 4046 4.
771 3985 899 4046 damnat
918 3988 1070 4048 eumdem.

373 4080 565 4144 Cordubense
581 4083 726 4159 prohibet
744 4084 937 4161 martyrium

371 4179 572 4242 Valentinum
593 4180 626 4239 in
645 4180 751 4242 callia
771 4183 808 4242 de
828 4181 1133 4254 praedestinatione,
1156 4181 1231 4242 can.
1252 4179 1301 4242 23.

370 4276 565 4341 carisiacum
586 4294 644 4355 pro
663 4276 872 4339 reformandis
892 4279 1045 4341 moribus.

373 4372 753 4452 Constantinopolilauum
773 4376 866 4437 eiecto
886 4377 1013 4452 lauatio
1032 4377 1209 4452 iuaupurol
1232 4376 1387 4440 Placitum.

371 4471 625 4550 aquisgranense
646 4472 761 4551 duplex
782 4473 816 4533 in
837 4491 933 4538 causa
953 4473 1181 4552 Theutbergae.

1528 2223 1598 2284 803.

1532 2321 1598 2382 cccl.

1527 2418 1598 2478 807.
1702 2431 1703 2440 ¹

1527 2515 1597 2576 809.

372 2712 755 2789 Constantinopolitanum
769 2714 882 2772 contra
899 2712 1071 2774 Antonium
1092 2712 1345 2787 monomachum,
1361 2711 1435 2774 cau.
1455 2712 1503 2774 17.
1526 2613 1598 2772 ἓῖιῗ.
1703 2658 1704 2700 1

1527 2810 1597 2872 815.

1525 2909 1598 2970 816.

1527 3007 1597 3066 817.

1525 3105 1595 3167 822.

1525 3203 1595 3266 823.

1525 3302 1595 3364 824.

1525 3399 1593 3462 826.

1523 3498 1594 3559 833.

1525 3596 1594 3658 834.

1526 3693 1594 3756 842.
