3444 5358
660 275 841 338 -rou-
921 229 924 238 ’

190 377 326 439 XXVII.
360 375 467 453 Igitur
494 373 687 452 posteriores
719 375 900 436 Decretales
934 375 1145 435 Romanorum
1170 377 1363 439 Pontificum

125 477 210 534 sunt
229 478 324 534 extra
344 493 457 552 corpus
480 473 564 534 Iuris
585 473 745 546 canonici,
767 475 820 533 sed
837 477 942 533 tamen
957 472 1057 550 ipsius
1073 476 1196 548 partem
1211 474 1361 535 efficiunt.

189 573 342 634 XXVIII.
367 574 432 632 Iam
455 573 526 632 inde
553 591 571 632 a
597 571 740 648 pluribus
772 571 908 630 saeculis
943 570 1193 630 constitutiones
1222 573 1365 648 expediri

122 668 285 728 dicuutur
300 687 360 746 per
381 670 548 746 apostolico
569 670 685 729 Brevia
705 671 737 728 at
753 685 813 745 per
833 669 952 728 Ballou.
977 667 1089 727 Bulloa
1109 667 1190 727 aliae
1213 669 1364 729 Considu-

121 767 237 838 rialas,
258 785 337 842 quae
365 768 577 845 expediuntur
598 766 631 826 in
656 765 864 840 consistorio,
889 765 1039 826 adhibito
1064 765 1196 824 oonsilio
1218 768 1366 828 Cardina-
1408 825 1409 828 ,

121 861 223 936 lium,
246 865 398 940 aquibus
421 865 688 924 subscribuntur:
713 863 794 923 aliae
815 881 876 922 non
897 863 1154 934 Consistorialcs,
1177 881 1256 940 quae
1271 869 1365 926 extra

123 961 363 1022 consistorium
384 964 586 1022 emittuntur.
608 961 698 1022 Aliae
719 961 881 1034 dimidiae,
908 979 986 1038 quae
1010 962 1057 1021 ita
1091 965 1260 1037 vocantur,
1282 965 1365 1038 quod

123 1057 161 1116 in
187 1059 298 1136 sigillo
312 1060 498 1137 impressum
517 1079 578 1119 non
592 1060 711 1122 habant
725 1077 836 1120 nomen
851 1057 1031 1132 pontificis,
1047 1062 1080 1119 et
1094 1059 1245 1120 feruntur
1256 1078 1275 1120 a
1285 1061 1367 1120 Pon·
1440 1109 1443 1114 .

123 1155 220 1217 tifioe
241 1161 408 1234 antequam
430 1163 645 1218 consecretur.

81 1325 88 1344 0
192 1257 314 1316 XXIX.
336 1257 448 1316 Ballaa
462 1255 613 1317 differunt
626 1275 644 1316 a
657 1255 815 1315 Brevitas.
832 1255 910 1314 Illae
925 1258 1098 1315 exarantur
1119 1253 1153 1312 in
1168 1253 1363 1327 membrana,

124 1353 206 1414 rudi
228 1355 413 1414 charactere
431 1355 656 1433 longobardico
677 1358 733 1414 aut
746 1354 943 1424 theutonico,
959 1357 990 1413 et
1010 1351 1156 1413 idiomate
1178 1353 1287 1414 latino.
1303 1355 1365 1414 Per

124 1452 245 1512 Bullas
269 1451 482 1528 expediuntur
503 1453 664 1530 graviora,
680 1458 712 1511 et
724 1451 819 1528 primi
833 1451 954 1511 ordinis
976 1451 1114 1527 negotia,
1131 1455 1164 1510 et
1181 1451 1365 1511 solemniori

125 1549 213 1621 ritu,
234 1553 267 1609 et
287 1550 424 1627 longiori
445 1567 586 1610 sermone
607 1549 806 1626 conscriptae
821 1553 907 1609 sunt.
930 1550 1052 1611 Nomen
1073 1547 1252 1623 Pontifiois,
1278 1568 1366 1628 prac-

125 1646 276 1708 mittitur
290 1649 323 1706 in
338 1648 494 1726 principio
513 1648 632 1725 primae
654 1647 754 1707 lineae
775 1665 846 1706 cum
862 1647 968 1707 addito
982 1647 1096 1706 Servus
1110 1647 1278 1707 Servorum
1294 1651 1363 1723 Dei,

125 1745 220 1804 nulla
241 1745 274 1804 in
289 1745 368 1824 ipsis
382 1746 630 1824 orthographiae
644 1745 726 1806 ratio
748 1746 904 1818 habetur3
927 1745 961 1802 in
982 1743 1060 1804 doto
1082 1745 1119 1804 fit
1140 1745 1215 1804 anni
1238 1765 1365 1824 compu-

125 1843 215 1902 tatio
229 1861 248 1902 a
262 1845 311 1904 die
331 1844 564 1904 Incarnationis
580 1843 716 1904 homiui.
729 1843 938 1914 Revidantur‚
954 1846 986 1902 et
1001 1842 1247 1902 subscribuntur
1261 1863 1280 1902 a
1296 1844 1365 1921 plu-

126 1940 222 2000 ribus
239 1940 426 2002 officialibus
450 1941 681 2014 cancellariam
698 1941 869 2018 apponitur
879 1940 1021 2017 sigillum
1037 1939 1213 2018 plumbeum
1222 1942 1364 2018 ¹pendens

127 2056 171 2098 ax
184 2039 360 2112 chordulis,
373 2040 405 2098 in
413 2057 474 2116 quo
485 2055 635 2116 expressa
650 2043 725 2098 sunt
735 2057 774 2106 ex
790 2057 852 2098 una
859 2043 949 2116 parte
960 2037 1066 2114 capita
1075 2037 1128 2098 SS.
1138 2036 1362 2115 Apostolorum

126 2137 221 2198 Petri
242 2142 274 2198 ei
294 2137 398 2210 Pauli,
421 2157 460 2197 ex
475 2137 577 2197 altera
597 2155 709 2196 nomen
730 2137 896 2198 Pontificis
919 2136 1094 2214 regnantis.
1109 2137 1225 2196 Brevia
1241 2141 1362 2211 autem,

127 2253 211 2310 quae
234 2235 385 2295 dicuntur
405 2235 503 2296 etiam
524 2237 662 2297 Litterae
681 2237 874 2314 Apostoliooe
894 2237 928 2294 ia
947 2238 1055 2312 formu
1076 2237 1197 2309 Brevia,
1215 2238 1297 2312 quod
1318 2238 1364 2298 ihi

128 2333 314 2394 summatim
333 2339 366 2394 et
387 2334 587 2394 brevioribus
619 2334 725 2393 verbIs
757 2335 965 2406 rescribatur,
992 2335 1167 2394 exarantur
1188 2335 1221 2393 in
1242 2353 1362 2412 papyro

53 2503 59 2514 Ι
128 2433 245 2492 subtili
260 2436 292 2492 ct
313 2433 396 2505 albo,
419 2433 561 2493 adhibito
583 2434 767 2492 charactera
788 2433 888 2494 latino
911 2432 1025 2505 nitido,
1048 2433 1187 2510 eleganti
1207 2437 1240 2493 et
1269 2434 1367 2495 intel-

127 2531 263 2609 ligibili,
279 2536 409 2592 servata
433 2531 622 2591 adamussim
643 2531 882 2608 orthographia.
907 2532 944 2590 In
965 2530 1015 2590 his
1036 2530 1227 2591 inscribitur
1252 2550 1363 2592 nomen

127 2629 298 2689 Pontificis
320 2629 353 2688 in
375 2630 475 2689 medio
499 2630 538 2688 ad
553 2628 685 2688 sormam
701 2629 823 2702 Tituli;
840 2646 896 2706 pro
917 2627 996 2688 doto
1011 2631 1213 2706 computatur
1228 2647 1329 2690 annus
1344 2649 1363 2691 a

127 2727 181 2786 die
192 2727 387 2788 Natiuitatis
403 2727 529 2786 Domini
542 2749 550 2800 3
568 2727 817 2788 subscribuntur
830 2731 954 2786 tantum
968 2746 986 2787 a
1001 2727 1179 2788 secretario
1195 2728 1362 2802 Brevium,

126 2829 161 2884 et
182 2825 353 2901 signantur
375 2825 497 2902 sigillo,
520 2826 601 2901 quod
622 2824 741 2885 dicitur
773 2825 918 2884 Ananias
936 2825 1118 2896 Piacortorir,¹
1141 2826 1306 2886 continens
1327 2827 1360 2885 in

126 2923 198 2982 eius
220 2921 358 2984 circuitu
379 2942 490 2982 nomen
511 2922 676 2984 PontificIs
699 2915 932 3000 regnantium
953 2923 1054 2982 medio
1076 2927 1180 2982 autem
1206 2925 1244 2984 D.
1267 2923 1362 2983 Petri

129 3019 313 3080 naviculam
335 3021 368 3080 in
389 3022 470 3081 mari
492 3021 660 3098 piscantis.

190 3119 300 3178 Ballou
320 3139 338 3178 a
359 3121 390 3178 S.
414 3122 516 3180 Leone
538 3138 635 3196 usque
656 3120 694 3179 ad
715 3119 905 3179 Clementem
927 3120 989 3180 XII
1012 3118 1235 3196 complectitur
1247 3119 1358 3179 Bulla-

129 3218 217 3276 rium
238 3235 403 3292 magnum,
416 3219 498 3293 quod
512 3219 629 3278 Romae
641 3217 740 3278 edidit
749 3217 962 3294 Hieronymus
976 3215 1133 3276 Mainardi
1145 3216 1178 3275 in
1195 3215 1232 3277 14
1247 3218 1361 3276 'I'omos

131 3313 285 3387 diuisum,
302 3315 392 3373 ouius
408 3315 719 3392 continuationeque
735 3317 773 3374 ad
788 3315 976 3392 GregorIum
998 3315 1073 3377 XVI
1095 3313 1241 3374 confecta
1261 3317 1311 3374 est
1332 3317 1364 3374 et

131 3411 243 3471 deinde
262 3417 481 3489 prosequetur.
509 3443 529 3458 -
550 3415 668 3473 Exstat
695 3417 858 3490 praeterea
879 3413 1062 3473 Baliarium
1094 3412 1257 3474 Benedicti
1286 3413 1363 3476 XIV

131 3511 215 3586 quod
228 3510 297 3570 eius
318 3511 561 3572 constitutiones
583 3512 768 3573 Pontifioias
800 3512 952 3587 continet,
975 3512 1008 3572 in
1027 3511 1046 3570 4
1068 3513 1180 3572 Tomos
1211 3511 1361 3571 diuisum.
