3444 5358
114 428 499 507 Constantinopolitanum
517 431 684 510 confirmat
701 438 789 508 pasta
810 430 926 491 Photii.

107 528 303 600 Romanum,
324 529 417 590 Deor.
438 532 468 592 2.
489 534 601 590 contra
620 529 878 607 Theopasehitas.

106 625 365 702 Aquisyrananae
372 628 489 705 probat
507 628 688 704 coniugium
706 625 908 688 Woldradae.

107 722 376 799 Sylvaneotens0‚
398 742 455 803 pro
475 725 648 786 Hinomaro
669 727 782 784 eontra
796 723 987 784 Rothadum.

104 820 250 882 Masonsa
266 823 382 900 probat
400 824 582 899 ooniuyiam
607 820 811 883 Waldradae.

105 919 290 981 Romanum
311 921 466 981 rescindit
487 925 561 982 eota
575 920 703 998 prioris.

105 1016 291 1078 Romanum
311 1019 467 1080 rescindit
488 1023 560 1079 eota
580 1016 841 1096 Sylvaneotensis

106 1113 341 1176 Suessionense
362 1116 396 1177 in
417 1133 513 1176 eausa
533 1115 653 1177 Ulfadi.

105 1211 347 1284 Trioassinum,
369 1215 401 1274 in
424 1231 520 1275 eausa
541 1212 758 1291 depositionis.

105 1308 292 1371 Romanum
312 1312 439 1372 damnat
459 1310 608 1372 Photium
629 1314 662 1371 et
682 1311 750 1370 eius
774 1311 932 1372 volumen.

105 1406 364 1482 Wormatiense,
386 1409 525 1470 Profess.
546 1412 580 1468 et
600 1410 675 1470 Gan.
698 1409 751 1468 80.

109 1503 327 1566 Vae-morienne
346 1507 380 1565 in
400 1525 496 1568 casea
514 1507 681 1568 Hinemari
701 1505 930 1567 Laudanensis.
997 1500 1002 1507 ’

104 1601 324 1664 Attiniaoenso
344 1610 374 1664 et
392 1605 580 1666 Duataeenee
598 1607 633 1664 in
653 1603 761 1666 eadam
780 1622 885 1666 cam.

106 1699 299 1761 Coloniense
321 1702 357 1762 da
378 1702 545 1763 Benessoiis
567 1702 817 1764 Eoolesiastiois.

106 1796 311 1858 Duriaeense
332 1804 444 1860 eontra
464 1800 662 1861 incestuosos
683 1805 715 1860 et
736 1804 892 1878 raptores.

107 1895 323 1957 Ravennensa
343 1897 377 1958 in
399 1915 496 1961 eausa
515 1897 722 1960 Patriarohaa
741 1897 966 1974 Aquileiensis.

107 1991 292 2054 Romanum
315 2013 372 2072 pro
393 1997 591 2057 restituendo
611 1997 736 2056 Photio.

108 2091 498 2172 Constantinopolitanum
517 2101 629 2154 eontra
651 2094 743 2154 Cone.
770 2094 891 2155 Oeoum.
920 2093 1022 2154 Vilis

106 2190 294 2251 Romanum
314 2199 425 2252 eontra
444 2193 642 2252 Famosum.

106 2288 290 2348 Romanum
312 2291 466 2350 rescindit
487 2295 560 2352 aeta
580 2298 692 2352 eontra
711 2291 909 2351 Formosum.

106 2386 322 2449 Ravennense
344 2388 461 2466 repetit
481 2389 570 2467 prius
591 2394 624 2450 at
646 2390 721 2450 Gan.
745 2389 795 2448 12.

559 2797 571 2814 N
605 2709 789 2771 SAEOULO
809 2710 850 2769 X.
879 2727 881 2732 ·

111 2981 263 3040 Romano
283 2979 530 3057 Anttpmpernm.

113 3078 292 3138 Romanum
315 3095 370 3155 pro
390 3079 476 3156 Papa

113 3175 288 3253 Anglioum'
309 3180 472 3253 promovet
492 3169 728 3238 Monaehatuin.

114 3273 270 3334 Calnense
293 3277 407 3334 eontra
425 3274 596 3334 Monaehos

115 3375 296 3434 Romanum
317 3374 430 3432 eontra
451 3371 655 3434 Simoniaoos.

116 3473 296 3532 Romanum
317 3489 375 3548 pro
395 3470 638 3532 canonizatione
661 3469 692 3531 S.
717 3468 871 3531 Udalrioi.

599 3789 783 3850 SAEGULO
808 3789 864 3850 XI.

117 4059 283 4122 Gallicana
304 4060 340 4120 de
361 4059 490 4119 Ritibus
512 4057 635 4118 Eocles.

118 4155 403 4217 Franoofordiense
423 4156 519 4234 erigit
540 4155 719 4233 Episcopat.
743 4154 969 4232 Bambergens.

118 4254 328 4328 Anhamense,
350 4254 415 4314 edit
435 4255 510 4316 Can.
532 4254 582 4315 32.

120 4353 325 4430 Legionense,
347 4353 423 4412 Can.
446 4354 476 4412 7.

120 4450 300 4523 Tieinense‚
322 4451 397 4510 Gan.
420 4449 563 4510 totidem.

118 4549 348 4609 Aurelianense
368 4549 495 4608 damnat
515 4547 657 4608 Lisoiurn
679 4546 951 4638 etfleribertum.

1270 432 1340 496 861.

1270 529 1341 590 862.

1272 627 1341 688 eod.

1269 726 1341 787 863.

1272 823 1341 882 eod.

1270 921 1341 980 863.

1269 1018 1340 1080 865.

1271 1113 1342 1179 866.

1269 1214 1342 1274 867.

1268 1311 1341 1372 868.

1275 1409 1342 1470 eod.

1271 1510 1342 1571 869.

1176 1605 1246 1664 870.
1269 1605 1343 1666 871.

1271 1705 1343 1765 873.

1276 1801 1344 1862 eod.

1274 1897 1345 1958 874.

1275 1995 1346 2054 879.

1277 2091 1344 2153 eod.

1274 2190 1346 2259 897.

1271 2288 1342 2348 898.

1277 2387 1344 2448 eod.
