3404 5360
115 405 296 468 avunculis
314 439 336 454 -
356 407 394 468 de
413 407 534 469 diversa
553 413 582 470 et
600 408 767 486 multiplici
779 408 908 468 animae
927 407 1048 468 ratione
1067 439 1087 454 -
1107 407 1144 468 de
1166 409 1336 472 coercendis

113 505 255 566 Militum
275 507 397 586 rapinis
410 537 428 554 ·
441 506 479 568 de
497 507 594 568 verbis
607 503 726 567 Psalm.
744 525 761 563 s
775 506 905 568 Herodii
918 505 1028 566 domus
1042 506 1104 566 dux
1118 510 1168 567 est
1180 525 1286 576 eorum
1302 529 1329 566 ».

108 607 154 664 De
173 604 236 683 fide
257 605 370 666 Carolo
389 606 459 681 rapi
476 604 631 666 servanda
649 637 671 654 -
691 604 856 666 instructio
879 604 922 664 ad
942 604 1132 666 ludovicum
1158 607 1293 680 Balbum
1313 640 1333 654 -

105 703 152 762 De
180 704 373 765 institutione
402 706 492 780 reaia
512 702 605 764 -Ad
635 704 780 764 Proceres
808 705 900 778 repni
919 721 976 780 pro
1003 704 1195 764 institutione
1223 705 1332 765 Caroli

105 802 155 862 M.
174 803 262 878 ‘repis
278 833 300 849 -
319 801 372 863 Ad
390 803 554 880 Episcopos
581 803 673 877 requi
700 801 738 862 de
767 802 959 862 institutione
988 801 1093 862 Caroli
1112 801 1227 880 Mapui
1247 819 1268 850 -·
1288 804 1333 862 De

105 900 274 962 coercendo
300 907 396 978 raptu
410 899 589 973 viduarum,
606 901 787 979 puellarum
807 905 836 960 et
856 899 1148 960 Sanetimonialium
1161 933 1182 947 -
1196 901 1329 978 Eaposi-

106 1000 206 1059 tiones
225 996 269 1058 ad
291 999 438 1058 Carvium
458 1015 563 1074 repam
578 1015 639 1075 pro
661 997 813 1058 Ecclesiae
834 997 1014 1060 libertatum
1035 997 1210 1074 defensione
1229 1031 1250 1044 -
1272 999 1330 1058 Ca-

108 1097 213 1172 pitula
240 1096 405 1176 synodalia
424 1129 445 1144 -
464 1097 508 1158 Dc
536 1097 643 1176 officiis
670 1095 894 1174 Episcoporum
913 1094 995 1156 -de
1018 1097 1205 1176 presbyteris
1231 1098 1334 1157 crimi-

27 1217 29 1220 ·
109 1195 192 1254 nosos
209 1227 231 1241 -
251 1194 289 1256 de
304 1186 401 1256 ¹attissa
432 1194 591 1271 Teutfridi
615 1195 787 1274 presbyteri
807 1227 824 1241 -
847 1195 884 1255 de
905 1193 1018 1254 visione
1039 1193 1179 1254 Bevioldi
1198 1196 1328 1274 Presby-

108 1294 170 1352 teri
189 1325 211 1338 -
232 1293 401 1353 Consilium
422 1293 460 1354 dc
475 1293 666 1371 poenitentia
696 1293 807 1370 Pipini
834 1293 917 1368 repis
937 1325 954 1339 ·
976 1293 1019 1353 De
1039 1291 1113 1351 villa
1133 1291 1291 1354 Noviliaco
1314 1325 1331 1340 ·

106 1389 327 1451 loramentum
358 1391 440 1470 quod
467 1391 659 1452 Hincmarus
686 1392 783 1450 iussus
812 1397 858 1452 est
879 1390 955 1450 darc
975 1389 1061 1467 apud
1081 1389 1289 1466 Pontiponem
1308 1423 1328 1437 -

110 1488 186 1548 Vita
205 1487 239 1548 S.
264 1490 401 1564 Remipii
419 1521 437 1536 ·
458 1490 646 1549 Encomium
677 1488 811 1550 eiusdem
839 1489 872 1548 S.
903 1487 1040 1564 Remipii
1060 1519 1077 1534 ·
1097 1489 1261 1566 Responsio
1288 1488 1330 1548 ad

106 1586 321 1662 quarumdam
341 1588 530 1664 quaestiones
551 1620 568 1632 -
588 1587 743 1664 Profesviv
763 1586 856 1647 Fidei
875 1620 893 1632 -
916 1587 1067 1646 Carmina
1088 1587 1207 1664 aliquot
1226 1619 1243 1633 ·
1264 1587 1331 1648 An·
1357 1592 1360 1597 '

105 1685 194 1744 nalcs
212 1715 234 1730 -
254 1685 411 1762 Epistolae
430 1686 487 1744 55.
511 1717 529 1732 -
553 1685 704 1763 Opuscuha
735 1691 763 1746 et
786 1685 956 1764 Epistolae,
985 1701 1064 1762 quae
1083 1686 1267 1761 referuntur
1288 1681 1330 1744 ad

106 1799 238 1842 causam
256 1783 423 1844 Hincmari
442 1772 673 1844 Lauduneusa.
863 1819 865 1826 ,

171 1881 323 1944 Roaiam
343 1881 479 1944 Meuius
498 1880 536 1962 (f.
558 1901 587 1942 a.
609 1879 692 1960 847).
707 1865 781 1942 Eitis
797 1899 891 1958 opera
904 1883 980 1940 sunt
992 1881 1036 1940 De
1049 1877 1191 1940 laudibus
1203 1881 1237 1940 S.
1251 1881 1328 1940 Cru·
1365 1942 1368 1950 ,

107 1978 151 2036 cis
171 1978 238 2037 Lib.
261 1979 296 2038 2.
320 2011 337 2024 ·
358 1979 402 2039 De
423 1979 611 2040 Clericorum
631 1980 823 2038 institutione
841 1979 905 2038 LL.
923 1980 954 2038 3.
975 1977 995 2023 -’-
1015 1977 1108 2038 Liber
1121 1977 1159 2038 de
1179 1978 1332 2039 oblatione

104 2093 280 2154 puerorum
301 2109 319 2122 -
340 2077 642 2138 Commentariorum
662 2079 695 2136 in
718 2077 859 2138 Genesim
879 2077 967 2136 Libri
986 2074 1018 2135 4.
1040 2109 1061 2122 -
1081 2077 1174 2138 Liber
1187 2076 1224 2137 de
1240 2076 1329 2137 Com-

106 2181 185 2250 puta
205 2208 223 2220 -
246 2175 548 2236 Commentariorum
567 2177 601 2234 in
627 2175 739 2260 Matth.
769 2175 858 2236 Libri
877 2176 909 2234 8.
931 2207 948 2220 -
972 2163 1274 2236 Commentariorum
1294 2177 1328 2236 in

115 2273 261 2332 andum
283 2273 372 2333 Libri
391 2281 527 2352 quatuor
546 2273 589 2332 ad
609 2273 822 2352 Fredulphum
838 2273 1053 2334 Levaviensem
1067 2273 1170 2350 Episc.
1192 2305 1209 2318 -
1225 2275 1332 2352 Eupo·

110 2372 256 2430 sitionurn
278 2371 312 2430 in
332 2373 502 2434 Levitiaum
522 2372 611 2432 Libri
631 2373 663 2431 7.
686 2371 729 2432 ad
756 2371 895 2434 eumdem
916 2401 934 2414 -
955 2368 1184 2430 Narrationum
1208 2371 1243 2430 in
1264 2369 1331 2430 Lib.

107 2467 320 2530 Numerorum
340 2471 428 2530 Libri
447 2470 485 2546 4.
502 2470 546 2530 ad
566 2470 706 2532 cumdem
726 2504 743 2516 -
763 2467 992 2530 Narrationum
1011 2470 1045 2528 in
1058 2471 1331 2530 Deuteronomium

105 2569 197 2627 Libri
218 2567 250 2628 4.
274 2568 317 2628 ad
337 2569 477 2630 eumdem
495 2569 837 2630 -Commentariorum
866 2569 900 2628 in
928 2568 995 2628 Lib.
1016 2567 1101 2627 Iosue
1124 2568 1212 2628 Libri
1231 2570 1262 2628 3.
1287 2567 1330 2627 ad
1359 2648 1362 2654 Ι

104 2665 307 2726 Eridericum
331 2666 461 2728 Traiect.
473 2668 577 2746 Episc.
600 2700 617 2714 ·
642 2665 945 2728 Commentariorum
954 2667 988 2724 in
1003 2666 1070 2725 Lib.
1087 2665 1229 2726 iudicum
1245 2667 1331 2726 Libri

56 2774 58 2796 ’
106 2763 184 2838 duo,
205 2783 277 2824 cum
297 2767 444 2844 Epaiclis
462 2766 628 2828 Humberti
647 2767 708 2844 Ep.
732 2765 775 2826 ad
793 2765 961 2826 Rabauuru
982 2771 1010 2824 et
1031 2765 1156 2826 Rabaui
1170 2764 1215 2826 aol
1232 2765 1332 2825 Hum-

106 2862 229 2924 berturu
251 2895 268 2909 -
292 2865 556 2924 Commentarium
576 2865 610 2922 in
630 2865 697 2924 Lib.
723 2855 809 2925 Ruth
827 2895 848 2908 -
870 2863 1101 2934 Commentario
1114 2865 1149 2922 in
1168 2864 1276 2924 Libros
1295 2862 1329 2923 4.

104 2963 230 3038 Rapum
252 2994 269 3008 -
292 2963 461 3022 Commeat.
484 2964 518 3021 in
538 2962 605 3022 Lib.
628 2963 661 3021 2.
695 2962 960 3040 Paralipomenon
982 2993 998 3008 ·
1019 2961 1182 3038 Eapositio
1206 2963 1239 3020 in
1259 2961 1327 3021 Lib.

108 3060 246 3120 Iudith·
261 3061 423 3138 Enpositio
437 3062 470 3120 in
492 3061 558 3120 Lib.
581 3061 695 3122 Esther
716 3092 732 3106 -
755 3059 1055 3119 Commentariorum
1075 3060 1109 3117 in
1123 3060 1189 3118 Lib.
1203 3059 1332 3136 Sapien-

110 3161 171 3219 tiae
190 3160 259 3220 Lib.
282 3162 314 3220 3.
338 3193 354 3204 -
377 3159 677 3220 Commentariorum
691 3159 725 3216 iu
739 3157 941 3217 Ecclesiastic.
960 3157 1027 3215 Lib.
1053 3157 1107 3216 10.
1124 3189 1141 3203 -
1159 3157 1327 3217 Commeat.

106 3261 139 3318 in
158 3259 269 3319 Libros
302 3261 558 3322 Machabaeorum
579 3291 595 3304 -
616 3256 771 3316 Homiliae
799 3257 878 3316 233.
912 3287 929 3300 -
951 3255 1174 3315 Poenitentiale
1194 3280 1223 3301 -·
1243 3255 1332 3315 Com·

105 3359 266 3419 mentario
284 3359 318 3416 in
346 3359 535 3418 Ezechielem
556 3390 573 3402 -
597 3356 697 3421 Quota
724 3356 923 3432 pancratione
945 3355 1064 3414 licitum
1086 3354 1126 3412 sit
1145 3355 1330 3414 connubium

107 3489 124 3502 ·
146 3459 191 3516 De
211 3442 510 3532 consanpuinevrum
537 3456 653 3534 nuptiis
681 3454 765 3514 etde
793 3471 960 3530 maporuru
984 3453 1164 3530 praestipiis
1181 3454 1330 3529 falsisque

107 3554 349 3614 divinationibus
370 3588 386 3600 -
411 3555 573 3614 Tractatus
602 3553 639 3612 de
668 3553 775 3613 anima
798 3585 815 3599 -
836 3552 1100 3630 Martyrolopiurn
1130 3583 1147 3595 ·
1171 3553 1327 3628 Responsa

20 3699 22 3705 ι
105 3654 256 3738 canonica
275 3670 366 3730 super
386 3651 569 3728 quibusdam
589 3651 884 3726 iutemopationibus
912 3648 1097 3724 Rapinbaldi
1125 3649 1328 3726 chorepiscopi

107 3787 123 3799 -
144 3753 183 3814 Si
202 3753 291 3814 liceat
311 3753 525 3830 chorepiscopis
540 3752 731 3831 presbyteros
751 3759 780 3812 et
799 3750 941 3812 diaconos
962 3749 1109 3809 ordinare
1129 3748 1167 3809 de
1186 3767 1329 3810 consensu

106 3852 240 3930 episcopi
258 3853 307 3911 sui
326 3883 343 3896 -
362 3852 406 3912 De
433 3851 572 3911 Universa
592 3849 682 3908 Libri
700 3851 756 3910 22.
781 3883 798 3896 -
819 3849 989 3926 Eacerptio
1010 3847 1047 3908 ole
1078 3854 1147 3908 arte
1165 3865 1328 3924 prunonem

106 3953 171 4012 tica
196 3949 353 4011 Prisciani
374 3983 389 3996 -
410 3949 571 4028 Eapositio
600 3950 634 4006 in
664 3949 833 4009 Proverbia
862 3947 1035 4007 Salomonis
1057 3978 1074 3991 -
1097 3947 1328 4008 Commentario
1360 4024 1363 4030 .

106 4050 140 4108 in
160 4048 325 4109 Ieremiam
346 4079 363 4095 ·
385 4047 612 4107 Enarraiiones
632 4047 666 4104 in
686 4047 842 4123 Epistulas
855 4049 893 4106 B.
911 4045 1007 4104 Pauli
1027 4044 1115 4104 Libri
1127 4045 1184 4104 28.
1206 4078 1227 4091 -
1247 4045 1327 4106 Alle-

105 4135 221 4223 pariae
234 4147 268 4205 in
288 4146 419 4206 Sacram
448 4145 646 4222 Scripturam
667 4175 684 4189 -
708 4144 939 4204 Commentario
958 4144 993 4201 in
1015 4143 1146 4204 Cantica
1171 4142 1324 4219 quaedam

107 4278 124 4290 -
146 4245 241 4308 Liber
260 4243 298 4304 de
317 4245 411 4305 sacris
431 4242 589 4302 ordinibus
609 4275 626 4288 -
649 4243 689 4302 De
703 4243 916 4303 Ecclesiastica
930 4241 1093 4319 disciplina
1108 4273 1124 4288 -
1137 4242 1181 4301 De
1195 4239 1325 4300 videndo

107 4345 216 4415 Deum,
249 4342 287 4404 de
313 4344 455 4419 puritate
483 4341 584 4402 cordis
615 4348 643 4402 et
662 4341 751 4400 ruodo
767 4333 977 4418 poenitentiae
998 4371 1014 4384 -
1036 4341 1080 4400 De
1101 4339 1327 4416 quaestionibus

107 4459 262 4502 canonum
278 4441 548 4520 poenitentialium
567 4471 588 4486 -
608 4441 838 4500 Paenitentiam
857 4441 949 4500 Liber
969 4471 987 4483 -
1006 4438 1050 4498 De
1069 4439 1134 4496 vita
1147 4440 1185 4496 B.
1201 4437 1327 4498 Mariae

108 4540 317 4618 Mapdalenae
337 4545 366 4600 et
385 4539 497 4620 sororis
517 4540 579 4599 eius
599 4537 631 4598 S.
659 4533 807 4602 Marthae
827 4571 844 4582 -
866 4537 1024 4617 Epistolac
1045 4533 1077 4594 9.
1100 4567 1117 4580 -
1142 4535 1262 4598 Clossac
1282 4535 1327 4596 la-

1207 4669 1222 4712 5
1239 4673 1240 4677 ,
