3404 5360
128 379 266 459 optimae
289 413 307 429 ·
329 383 440 444 herum
471 385 576 446 eutem
602 381 958 448 conmutacionis
985 384 1173 450 concinnato
1201 405 1278 468 opus
1297 391 1348 452 est

125 478 240 542 infelix
260 485 296 544 et
313 484 417 544 minus
438 483 527 544 utile.
1089 531 1091 538 ,

182 581 480 646 carcassensem
489 584 651 646 arescens
661 583 739 646 Oeo.
750 581 1205 667 Pmsn.(1757).e1ucubrara
1213 586 1345 648 Cursum

127 679 311 758 ibeolopiae
328 685 489 744 universae
507 679 675 743 secundum
693 688 827 744 mentem
846 681 880 744 S.
906 681 1049 744 Tbomae.
1071 684 1130 753 oui
1145 701 1218 746 sere
1233 685 1344 748 utilior

127 781 299 855 erasisset,
321 782 350 841 si
371 781 537 842 consiliam
552 779 779 857 sapientissimi
792 780 976 844 Melchioris
997 781 1073 868 Ceri
1088 781 1203 844 inisset
1217 787 1344 846 secutus

126 881 172 940 De
192 881 253 940 loc.
277 880 384 941 Theoi.
405 881 474 941 Lib.
497 879 526 939 8.
549 877 623 958 Cep.
645 882 685 942 V.
711 896 806 957 «pro
834 880 893 940 tide
916 881 1012 941 etiem
1033 899 1104 942 cum
1125 881 1211 944 vilse
1232 881 1345 944 disori·
1404 903 1408 911 ’

120 980 204 1040 mine
225 997 331 1058 pugne
352 980 409 1053 sit,
430 997 487 1058 pro
507 978 560 1040 his
581 995 660 1055 quse
679 977 753 1040 fidei
773 981 926 1040 nonsart
945 978 989 1039 sit
1008 978 1155 1057 pegasei
1170 978 1343 1058 itepleoet,

122 1079 176 1139 sed
198 1077 367 1140 incruente
387 1078 432 1138 sit
452 1081 566 1138 temera
589 1098 607 1134 »

180 1177 376 1239 Feercssoos
397 1177 611 1238 chcersrus
624 1171 740 1255 (1729).
750 1173 800 1236 Ab
813 1193 850 1236 eo
863 1173 1019 1236 habeatur
1032 1205 1050 1222 ·
1063 1173 1172 1236 Edita
1184 1175 1345 1238 enatasti

118 1275 247 1336 Bibliot.
269 1274 307 1335 de
325 1275 396 1334 ritis
413 1289 536 1334 roman.
557 1273 740 1351 pontificum
759 1289 830 1334 curn
851 1274 941 1348 notre,
955 1271 1228 1348 dissertationibus,
1244 1273 1345 1352 prole·

117 1374 260 1450 romanis
279 1379 308 1433 et
325 1372 520 1432 variantibus
537 1403 558 1418 -
577 1371 718 1432 Historia
736 1372 920 1434 antorsum
934 1370 1050 1452 (italice
1062 1369 1247 1450 cmtmripta)
1268 1402 1285 1420 ·
1301 1373 1344 1434 De

118 1471 314 1534 Kalendario
327 1477 357 1532 ct
375 1471 457 1550 cyclo
478 1471 629 1542 Caesaris,
651 1487 688 1532 ac
706 1469 744 1530 de
752 1470 894 1548 paschali
905 1469 1066 1530 canones.
1081 1470 1243 1550 Hippolyti
1257 1487 1343 1532 mar·

119 1571 200 1650 tyris
221 1569 447 1630 dissertationes
466 1568 547 1629 dnae
566 1599 587 1614 -
607 1570 653 1630 De
672 1568 770 1628 tribue
788 1567 950 1645 peneribus
974 1569 1251 1630 instrumentorum
1275 1586 1344 1628 mu·

121 1671 203 1730 acac
223 1675 361 1730 veterum
379 1669 547 1744 arpanicae
565 1697 586 1716 ··
606 1659 772 1727 Liberaui
793 1666 909 1728 titulus
930 1687 948 1724 s
968 1667 1110 1728 Pcmrrc
1133 1665 1171 1727 de
1190 1667 1300 1730 Cesari
1325 1688 1342 1726 r

121 1773 153 1829 et
183 1768 268 1828 alter
289 1767 462 1845 inscriptus
482 1788 499 1825 r
521 1764 680 1828 iscrizioni
698 1766 860 1844 sepoberali
878 1765 961 1826 della
983 1765 1064 1828 Casa
1090 1762 1124 1824 cii
1146 1767 1299 1840 Anpnsto.
1323 1797 1344 1812 -
1386 1789 1393 1798 ’

122 1867 261 1927 'landem
280 1865 541 1941 annpeliariam
561 1862 758 1941 quadruplam
777 1864 894 1924 latim
911 1864 1057 1924 versionis
1074 1863 1233 1940 antiquae.

180 1963 325 2026 (lisoius
344 1981 386 2026 no
406 1965 533 2026 Passers
544 1963 730 2042 d’Argentre
739 1960 845 2041 (1725)
858 1961 993 2040 Collegit
1001 1961 1126 2040 raama
1139 1960 1177 2021 de
1190 1961 1275 2022 noca
1296 1977 1344 2020 cr·

118 2063 243 2123 roribrcs
256 2061 310 2139 qui
321 2061 362 2122 eb
376 2061 469 2122 initio
480 2060 599 2122 soeculi
613 2061 676 2122 XII
688 2077 785 2137 usque
798 2061 837 2122 ed
851 2077 966 2122 annum
982 2058 1060 2122 1725
1073 2059 1106 2120 in
1115 2059 1258 2120 Ecclesia
1271 2075 1345 2137 pro·
1469 2097 1471 2102 -

120 2159 236 2238 scripti
244 2162 278 2219 et
283 2158 385 2220 notati
392 2163 477 2220 sunt.
485 2158 651 2220 Habentur
659 2158 755 2220 etiem
766 2157 805 2218 ab
814 2176 850 2220 eo
859 2159 1024 2220 Elementa
1037 2157 1344 2236 Taenariae-Capti-

119 2260 201 2320 catio
220 2263 487 2318 samamerctorum
507 2289 526 2302 —
544 2257 717 2328 Sermones,
732 2260 766 2317 et
781 2257 948 2335 alieopere
961 2257 1338 2336 theologiceetasoeiice.

182 2357 318 2420 ioannes
338 2358 524 2420 asseram
536 2355 566 2418 S.
582 2357 608 2418 1.
619 2353 656 2436 (is
667 2351 758 2435 1729)
771 2355 830 2417 Vir
844 2355 950 2434 magni
977 2355 1097 2434 ingenii
1117 2355 1216 2418 sedin
1231 2354 1340 2416 multis

119 2454 213 2534 plene
233 2454 416 2532 singularis,
431 2453 682 2515 cureritnovem
689 2453 899 2516 conciliorum
911 2454 1089 2528 editionem
1102 2453 1233 2533 scripsit
1245 2453 1340 2516 otiam

122 2554 292 2614 Coronant.
314 2553 347 2612 in
365 2551 444 2614 Nor.
470 2552 600 2612 Tutum.
623 2557 653 2614 at
671 2553 818 2631 macula
837 2553 941 2616 reris.

131 2703 134 2710 ,
183 2652 334 2714 insessos
363 2650 463 2714 Sinos
489 2649 646 2714 Assssem
675 2649 793 2731 (1730).
825 2650 901 2714 Eius
930 2669 1024 2730 opere
1052 2654 1128 2714 sunt
1151 2651 1339 2714 Bibliotheca

124 2749 283 2810 orientales
301 2749 650 2812 clementino-vaticana
658 2767 817 2820 ‚recensens
828 2751 1052 2830 mannsmiptos
1064 2749 1179 2812 codices
1192 2751 1338 2830 syriacam

118 2848 270 2920 arabiam,
280 2849 420 2930 persicae,
432 2848 572 2920 turciam,
587 2848 754 2924 hemanea,
768 2850 986 2920 meraritarum,
1002 2851 1206 2924 armeniacos,
1221 2849 1337 2910 actito·
1362 2899 1364 2905 .

112 2947 213 3026 piros,
233 2963 371 3022 praecor,
391 2945 730 3025 reapplicabibericos
749 2952 779 3008 et
791 2947 1005 3010 malabmims
1025 2945 1097 3027 (Ed.
1118 2947 1234 3010 &moe
1257 2947 1337 3009 1719

118 3077 137 3092 -
154 3043 234 3106 1728
249 3042 282 3124 -)
295 3047 373 3107 Item
391 3044 502 3104 Sancti
514 3044 653 3122 liparem
667 3044 743 3123 Syri
756 3061 850 3121 opera
863 3046 969 3108 omnia
983 3058 1062 3122 pace
1077 3051 1198 3118 arctant,
1213 3062 1337 3121 praece,

116 3145 238 3223 syriace
265 3145 425 3212 attitiae,
455 3144 490 3202 in
508 3160 565 3204 serr
587 3150 684 3204 tomos
709 3141 875 3204 distributa
903 3142 946 3204 acl
971 3144 1200 3220 manuscriptos
1225 3143 1341 3206 corace

117 3243 280 3304 vaticanos
297 3243 431 3318 aliosque
449 3242 616 3317 castipata,
630 3241 738 3302 multis
750 3247 857 3317 aucta,
871 3258 952 3313 nova
965 3242 1231 3320 interpretatione,
1243 3260 1339 3321 prae·
1461 3259 1467 3274 “
1483 3314 1486 3322 ,
1588 3327 1592 3334 Ι

117 3340 303 3416 sationibus,
322 3341 415 3414 mea,
443 3339 638 3401 ramantibcu
659 3340 834 3402 mearam
853 3341 1020 3404 illustrata.
1041 3340 1112 3424 (Ed.
1127 3341 1247 3404 Romae
1261 3341 1340 3404 1732
1473 3431 1475 3438 Ι

121 3437 212 3500 1754.
232 3469 250 3488 ·
272 3441 302 3501 6.
323 3437 394 3501 Vol.
417 3439 451 3500 in
474 3435 548 3510 iol.)

178 3537 324 3600 Miceesc
344 3538 390 3599 Le
411 3534 510 3603 Qousa
531 3537 566 3598 0.
588 3539 709 3602 Pereo.
724 3539 762 3621 (†
778 3539 879 3621 1733).
894 3540 961 3618 Ipsi
980 3539 1111 3602 debetur
1127 3539 1339 3602 ortamota·

65 3623 70 3638 '
115 3637 238 3696 stianus
250 3637 284 3696 in
298 3642 434 3712 quatuor
442 3636 680 3714 patriarchatus
693 3637 832 3714 atratus
845 3640 879 3698 in
893 3657 954 3714 quo
967 3637 1159 3698 exhibentur
1174 3637 1337 3700 Ecclesiae

117 3733 336 3806 Patrierchee‚
359 3733 517 3810 ceterique
536 3736 696 3811 praesules
718 3736 857 3798 Orientis
870 3767 892 3784 -
906 3736 1061 3814 Panoplia
1079 3733 1188 3797 contra
1208 3737 1338 3798 anama

117 3850 303 3910 praecorum
324 3863 341 3878 -
363 3833 504 3908 Defensio
525 3838 627 3893 tentas
645 3833 769 3896 caract
787 3841 898 3896 contra
910 3835 1102 3896 Petronium
1121 3842 1151 3898 ct
1174 3835 1339 3898 tractatas

118 3930 157 3992 de
176 3930 423 3992 ordinationibus
443 3931 617 4007 amplicanis
637 3930 783 3994 adurere
802 3933 842 3993 P.
863 3933 904 3994 F.
928 3934 1115 4014 aourrapcr.

177 4030 313 4091 Ioannes
337 4029 514 4091 Rrosamos
540 4027 701 4110 ((1735).
732 4031 913 4110 Composuit
944 4031 1208 4096 Commentariun
1234 4035 1269 4093 in
1288 4049 1338 4094 re·

117 4119 210 4204 putas
230 4127 442 4188 Cancellariae
464 4127 664 4205 Apostolicae.

177 4227 309 4290 lacoras
327 4226 489 4288 asceam
515 4228 627 4290 Persa
649 4227 747 4290 Oear.
778 4227 816 4308 (i
847 4228 938 4311 1738)
970 4228 1109 4294 Annales
1138 4231 1337 4297 Beroaieno-

118 4323 352 4400 Rsyneldianos
374 4323 412 4384 ab
442 4341 523 4386 anno
545 4325 623 4388 1566
653 4341 751 4402 usque
771 4327 810 4392 aa
831 4345 946 4390 eanum
975 4330 1067 4406 1572,
1089 4333 1192 4394 tribas
1215 4334 1278 4398 val.
1302 4335 1335 4394 in

118 4419 197 4483 iolio
217 4421 431 4484 continuerit
455 4421 591 4501 Scripsit
617 4427 780 4502 praeterea
810 4443 903 4502 opere
930 4429 1109 4506 sequentia:
1143 4432 1224 4492 Acta·
1253 4432 1334 4493 San-
1395 4428 1397 4432 ’

118 4524 238 4581 ciorum
260 4520 375 4582 Christi
386 4518 568 4601 Martyrum
581 4521 739 4586 mutuata
752 4555 770 4572 ·
788 4511 859 4586 Vita
871 4525 905 4590 S.
922 4527 1172 4592 Petri'Damiani
1183 4531 1217 4592 S.
1233 4533 1273 4594 R.
1288 4533 1331 4596 a.
